@ARTICLE{Kipping2012,
   author = {{Kipping}, D.~M.},
    title = "{An analytic model for rotational modulations in the photometry of spotted stars}",
  journal = {\mnras},
archivePrefix = "arXiv",
   eprint = {1209.2985},
 primaryClass = "astro-ph.SR",
 keywords = {methods: analytical, techniques: photometric, planetary systems, starspots},
     year = 2012,
    month = dec,
   volume = 427,
    pages = {2487-2511},
      doi = {10.1111/j.1365-2966.2012.22124.x},
   adsurl = {http://adsabs.harvard.edu/abs/2012MNRAS.427.2487K},
  adsnote = {Provided by the SAO/NASA Astrophysics Data System}
}


@ARTICLE{Aigrain2015b,
   author = {{Aigrain}, S. and {Hodgkin}, S.~T. and {Irwin}, M.~J. and {Lewis}, J.~R. and
	{Roberts}, S.~J.},
    title = "{Precise time series photometry for the Kepler-2.0 mission}",
  journal = {\mnras},
archivePrefix = "arXiv",
   eprint = {1412.6304},
 primaryClass = "astro-ph.IM",
 keywords = {methods: data analysis, techniques: photometric},
     year = 2015,
    month = mar,
   volume = 447,
    pages = {2880-2893},
      doi = {10.1093/mnras/stu2638},
   adsurl = {http://esoads.eso.org/abs/2015MNRAS.447.2880A},
  adsnote = {Provided by the SAO/NASA Astrophysics Data System}
}

@ARTICLE{Borucki2010,
   author = {{Borucki}, W.~J. and {Koch}, D. and {Basri}, G. and {Batalha}, N. and
	{Brown}, T. and {Caldwell}, D. and {Caldwell}, J. and {Christensen-Dalsgaard}, J. and
	{Cochran}, W.~D. and {DeVore}, E. and {Dunham}, E.~W. and {Dupree}, A.~K. and
	{Gautier}, T.~N. and {Geary}, J.~C. and {Gilliland}, R. and
	{Gould}, A. and {Howell}, S.~B. and {Jenkins}, J.~M. and {Kondo}, Y. and
	{Latham}, D.~W. and {Marcy}, G.~W. and {Meibom}, S. and {Kjeldsen}, H. and
	{Lissauer}, J.~J. and {Monet}, D.~G. and {Morrison}, D. and
	{Sasselov}, D. and {Tarter}, J. and {Boss}, A. and {Brownlee}, D. and
	{Owen}, T. and {Buzasi}, D. and {Charbonneau}, D. and {Doyle}, L. and
	{Fortney}, J. and {Ford}, E.~B. and {Holman}, M.~J. and {Seager}, S. and
	{Steffen}, J.~H. and {Welsh}, W.~F. and {Rowe}, J. and {Anderson}, H. and
	{Buchhave}, L. and {Ciardi}, D. and {Walkowicz}, L. and {Sherry}, W. and
	{Horch}, E. and {Isaacson}, H. and {Everett}, M.~E. and {Fischer}, D. and
	{Torres}, G. and {Johnson}, J.~A. and {Endl}, M. and {MacQueen}, P. and
	{Bryson}, S.~T. and {Dotson}, J. and {Haas}, M. and {Kolodziejczak}, J. and
	{Van Cleve}, J. and {Chandrasekaran}, H. and {Twicken}, J.~D. and
	{Quintana}, E.~V. and {Clarke}, B.~D. and {Allen}, C. and {Li}, J. and
	{Wu}, H. and {Tenenbaum}, P. and {Verner}, E. and {Bruhweiler}, F. and
	{Barnes}, J. and {Prsa}, A.},
    title = "{Kepler Planet-Detection Mission: Introduction and First Results}",
  journal = {Science},
     year = 2010,
    month = feb,
   volume = 327,
    pages = {977},
      doi = {10.1126/science.1185402},
   adsurl = {http://adsabs.harvard.edu/abs/2010Sci...327..977B},
  adsnote = {Provided by the SAO/NASA Astrophysics Data System}
}

@INPROCEEDINGS{Mcquillan2012,
   author = {{McQuillan}, A. and {Aigrain}, S. and {Roberts}, S.},
    title = "{Statistics of Stellar Variability in Kepler Data with ARC Systematics Removal}",
 keywords = {stars: activity, stars: rotation, stars: statistics, stars: spots, Galaxy: stellar content},
booktitle = {IAU Symposium},
     year = 2012,
   series = {IAU Symposium},
   volume = 285,
   editor = {{Griffin}, E. and {Hanisch}, R. and {Seaman}, R.},
    month = apr,
    pages = {364-365},
      doi = {10.1017/S1743921312001081},
   adsurl = {http://adsabs.harvard.edu/abs/2012IAUS..285..364M},
  adsnote = {Provided by the SAO/NASA Astrophysics Data System}
}

@ARTICLE{Zechmeister,
   author = {{Zechmeister}, M. and {K{\"u}rster}, M.},
    title = "{The generalised Lomb-Scargle periodogram. A new formalism for the floating-mean and Keplerian periodograms}",
  journal = {\aap},
archivePrefix = "arXiv",
   eprint = {0901.2573},
 primaryClass = "astro-ph.IM",
 keywords = {methods: data analysis, methods: analytical, methods: statistical, techniques: radial velocities},
     year = 2009,
    month = mar,
   volume = 496,
    pages = {577-584},
      doi = {10.1051/0004-6361:200811296},
   adsurl = {http://adsabs.harvard.edu/abs/2009A%26A...496..577Z},
  adsnote = {Provided by the SAO/NASA Astrophysics Data System}
}

@ARTICLE{Smith2012,
   author = {{Smith}, J.~C. and {Stumpe}, M.~C. and {Van Cleve}, J.~E. and others},
    title = "{Kepler Presearch Data Conditioning II - A Bayesian Approach to Systematic Error Correction}",
  journal = {\pasp},
archivePrefix = "arXiv",
   eprint = {1203.1383},
 primaryClass = "astro-ph.IM",
 keywords = {Data Analysis and Techniques},
     year = 2012,
    month = sep,
   volume = 124,
    pages = {1000-1014},
      doi = {10.1086/667697},
   adsurl = {http://adsabs.harvard.edu/abs/2012PASP..124.1000S},
  adsnote = {Provided by the SAO/NASA Astrophysics Data System}
}

@ARTICLE{Stumpe2012,
   author = {{Stumpe}, M.~C. and {Smith}, J.~C. and {Van Cleve}, J.~E. and others},
    title = "{Kepler Presearch Data Conditioning I - Architecture and Algorithms for Error Correction in Kepler Light Curves}",
  journal = {\pasp},
archivePrefix = "arXiv",
   eprint = {1203.1382},
 primaryClass = "astro-ph.IM",
 keywords = {Data Analysis and Techniques},
     year = 2012,
    month = sep,
   volume = 124,
    pages = {985-999},
      doi = {10.1086/667698},
   adsurl = {http://adsabs.harvard.edu/abs/2012PASP..124..985S},
  adsnote = {Provided by the SAO/NASA Astrophysics Data System}
}

@ARTICLE{Aigrain2012,
   author = {{Aigrain}, S. and {Pont}, F. and {Zucker}, S.},
    title = "{A simple method to estimate radial velocity variations due to stellar activity using photometry}",
  journal = {\mnras},
archivePrefix = "arXiv",
   eprint = {1110.1034},
 primaryClass = "astro-ph.SR",
 keywords = {methods: data analysis, techniques: photometric, techniques: radial velocities, Sun: activity, planetary systems, stars: individual: HD 189733},
     year = 2012,
    month = feb,
   volume = 419,
    pages = {3147-3158},
      doi = {10.1111/j.1365-2966.2011.19960.x},
   adsurl = {http://adsabs.harvard.edu/abs/2012MNRAS.419.3147A},
  adsnote = {Provided by the SAO/NASA Astrophysics Data System}
}

@ARTICLE{Rajpaul2015,
   author = {{Rajpaul}, V. and {Aigrain}, S. and {Osborne}, M.~A. and {Reece}, S. and
	{Roberts}, S.},
    title = "{A Gaussian process framework for modelling stellar activity signals in radial velocity data}",
  journal = {\mnras},
archivePrefix = "arXiv",
   eprint = {1506.07304},
 primaryClass = "astro-ph.EP",
 keywords = {methods: data analysis, techniques: radial velocities, stars: activity, stars: individual: Alpha Centauri B, stars: individual: Gliese 15 A, planetary systems},
     year = 2015,
    month = sep,
   volume = 452,
    pages = {2269-2291},
      doi = {10.1093/mnras/stv1428},
   adsurl = {http://adsabs.harvard.edu/abs/2015MNRAS.452.2269R},
  adsnote = {Provided by the SAO/NASA Astrophysics Data System}
}

@ARTICLE{Rajpaul2016,
   author = {{Rajpaul}, V. and {Aigrain}, S. and {Roberts}, S.},
    title = "{Ghost in the time series: no planet for Alpha Cen B}",
  journal = {\mnras},
archivePrefix = "arXiv",
   eprint = {1510.05598},
 primaryClass = "astro-ph.EP",
 keywords = {methods: data analysis, techniques: radial velocities, stars: activity, stars: individual: Alpha Cen B, planetary systems},
     year = 2016,
    month = feb,
   volume = 456,
    pages = {L6-L10},
      doi = {10.1093/mnrasl/slv164},
   adsurl = {http://adsabs.harvard.edu/abs/2016MNRAS.456L...6R},
  adsnote = {Provided by the SAO/NASA Astrophysics Data System}
}

@ARTICLE{Kalas2008,
   author = {{Kalas}, P. and {Graham}, J.~R. and {Chiang}, E. and {Fitzgerald}, M.~P. and
	{Clampin}, M. and {Kite}, E.~S. and {Stapelfeldt}, K. and {Marois}, C. and
	{Krist}, J.},
    title = "{Optical Images of an Exosolar Planet 25 Light-Years from Earth}",
  journal = {Science},
archivePrefix = "arXiv",
   eprint = {0811.1994},
     year = 2008,
    month = nov,
   volume = 322,
    pages = {1345},
      doi = {10.1126/science.1166609},
   adsurl = {http://adsabs.harvard.edu/abs/2008Sci...322.1345K},
  adsnote = {Provided by the SAO/NASA Astrophysics Data System}
}

@ARTICLE{Nielsen2013,
   author = {{Nielsen}, E.~L. and {Liu}, M.~C. and {Wahhaj}, Z. and {Biller}, B.~A. and
	{Hayward}, T.~L. and {Close}, L.~M. and {Males}, J.~R. and {Skemer}, A.~J. and
	{Chun}, M. and {Ftaclas}, C. and {Alencar}, S.~H.~P. and {Artymowicz}, P. and
	{Boss}, A. and {Clarke}, F. and {de Gouveia Dal Pino}, E. and
	{Gregorio-Hetem}, J. and {Hartung}, M. and {Ida}, S. and {Kuchner}, M. and
	{Lin}, D.~N.~C. and {Reid}, I.~N. and {Shkolnik}, E.~L. and
	{Tecza}, M. and {Thatte}, N. and {Toomey}, D.~W.},
    title = "{The Gemini NICI Planet-Finding Campaign: The Frequency of Giant Planets around Young B and A Stars}",
  journal = {\apj},
archivePrefix = "arXiv",
   eprint = {1306.1233},
 primaryClass = "astro-ph.EP",
 keywords = {brown dwarfs, instrumentation: adaptive optics, planetary systems, planets and satellites: detection, stars: individual: HIP 79797},
     year = 2013,
    month = oct,
   volume = 776,
      eid = {4},
    pages = {4},
      doi = {10.1088/0004-637X/776/1/4},
   adsurl = {http://adsabs.harvard.edu/abs/2013ApJ...776....4N},
  adsnote = {Provided by the SAO/NASA Astrophysics Data System}
}


@ARTICLE{Cassan2012,
   author = {{Cassan}, A. and {Kubas}, D. and {Beaulieu}, J.-P. and {Dominik}, M. and
	{Horne}, K. and {Greenhill}, J. and {Wambsganss}, J. and {Menzies}, J. and
	{Williams}, A. and {J{\o}rgensen}, U.~G. and {Udalski}, A. and
	{Bennett}, D.~P. and {Albrow}, M.~D. and {Batista}, V. and {Brillant}, S. and
	{Caldwell}, J.~A.~R. and {Cole}, A. and {Coutures}, C. and {Cook}, K.~H. and
	{Dieters}, S. and {Prester}, D.~D. and {Donatowicz}, J. and
	{Fouqu{\'e}}, P. and {Hill}, K. and {Kains}, N. and {Kane}, S. and
	{Marquette}, J.-B. and {Martin}, R. and {Pollard}, K.~R. and
	{Sahu}, K.~C. and {Vinter}, C. and {Warren}, D. and {Watson}, B. and
	{Zub}, M. and {Sumi}, T. and {Szyma{\'n}ski}, M.~K. and {Kubiak}, M. and
	{Poleski}, R. and {Soszynski}, I. and {Ulaczyk}, K. and {Pietrzy{\'n}ski}, G. and
	{Wyrzykowski}, {\L}.},
    title = "{One or more bound planets per Milky Way star from microlensing observations}",
  journal = {\nat},
archivePrefix = "arXiv",
   eprint = {1202.0903},
 primaryClass = "astro-ph.EP",
     year = 2012,
    month = jan,
   volume = 481,
    pages = {167-169},
      doi = {10.1038/nature10684},
   adsurl = {http://adsabs.harvard.edu/abs/2012Natur.481..167C},
  adsnote = {Provided by the SAO/NASA Astrophysics Data System}
}

@ARTICLE{Gaudi2012,
   author = {{Gaudi}, B.~S.},
    title = "{Microlensing Surveys for Exoplanets}",
  journal = {\araa},
     year = 2012,
    month = sep,
   volume = 50,
    pages = {411-453},
      doi = {10.1146/annurev-astro-081811-125518},
   adsurl = {http://adsabs.harvard.edu/abs/2012ARA%26A..50..411G},
  adsnote = {Provided by the SAO/NASA Astrophysics Data System}
}

@ARTICLE{Abe2004,
   author = {{Abe}, F. and {Bennett}, D.~P. and {Bond}, I.~A. and {Eguchi}, S. and
	{Furuta}, Y. and {Hearnshaw}, J.~B. and {Kamiya}, K. and {Kilmartin}, P.~M. and
	{Kurata}, Y. and {Masuda}, K. and {Matsubara}, Y. and {Muraki}, Y. and
	{Noda}, S. and {Okajima}, K. and {Rakich}, A. and {Rattenbury}, N.~J. and
	{Sako}, T. and {Sekiguchi}, T. and {Sullivan}, D.~J. and {Sumi}, T. and
	{Tristram}, P.~J. and {Yanagisawa}, T. and {Yock}, P.~C.~M. and
	{Gal-Yam}, A. and {Lipkin}, Y. and {Maoz}, D. and {Ofek}, E.~O. and
	{Udalski}, A. and {Szewczyk}, O. and {{\.Z}ebru{\'n}}, K. and
	{Soszy{\'n}ski}, I. and {Szyma{\'n}ski}, M.~K. and {Kubiak}, M. and
	{Pietrzy{\'n}ski}, G. and {Wyrzykowski}, L.},
    title = "{Search for Low-Mass Exoplanets by Gravitational Microlensing at High Magnification}",
  journal = {Science},
   eprint = {astro-ph/0409043},
     year = 2004,
    month = aug,
   volume = 305,
    pages = {1264-1267},
      doi = {10.1126/science.1100714},
   adsurl = {http://adsabs.harvard.edu/abs/2004Sci...305.1264A},
  adsnote = {Provided by the SAO/NASA Astrophysics Data System}
}

@ARTICLE{Gould2010,
   author = {{Gould}, A. and {Dong}, S. and {Gaudi}, B.~S. and {Udalski}, A. and
	{Bond}, I.~A. and {Greenhill}, J. and {Street}, R.~A. and {Dominik}, M. and
	{Sumi}, T. and {Szyma{\'n}ski}, M.~K. and {Han}, C. and {Allen}, W. and
	{Bolt}, G. and {Bos}, M. and {Christie}, G.~W. and {DePoy}, D.~L. and
	{Drummond}, J. and {Eastman}, J.~D. and {Gal-Yam}, A. and {Higgins}, D. and
	{Janczak}, J. and {Kaspi}, S. and {Koz{\l}owski}, S. and {Lee}, C.-U. and
	{Mallia}, F. and {Maury}, A. and {Maoz}, D. and {McCormick}, J. and
	{Monard}, L.~A.~G. and {Moorhouse}, D. and {Morgan}, N. and
	{Natusch}, T. and {Ofek}, E.~O. and {Park}, B.-G. and {Pogge}, R.~W. and
	{Polishook}, D. and {Santallo}, R. and {Shporer}, A. and {Spector}, O. and
	{Thornley}, G. and {Yee}, J.~C. and {{$\mu$}FUN Collaboration} and
	{Kubiak}, M. and {Pietrzy{\'n}ski}, G. and {Soszy{\'n}ski}, I. and
	{Szewczyk}, O. and {Wyrzykowski}, {\L}. and {Ulaczyk}, K. and
	{Poleski}, R. and {OGLE Collaboration} and {Abe}, F. and {Bennett}, D.~P. and
	{Botzler}, C.~S. and {Douchin}, D. and {Freeman}, M. and {Fukui}, A. and
	{Furusawa}, K. and {Hearnshaw}, J.~B. and {Hosaka}, S. and {Itow}, Y. and
	{Kamiya}, K. and {Kilmartin}, P.~M. and {Korpela}, A. and {Lin}, W. and
	{Ling}, C.~H. and {Makita}, S. and {Masuda}, K. and {Matsubara}, Y. and
	{Miyake}, N. and {Muraki}, Y. and {Nagaya}, M. and {Nishimoto}, K. and
	{Ohnishi}, K. and {Okumura}, T. and {Perrott}, Y.~C. and {Philpott}, L. and
	{Rattenbury}, N. and {Saito}, T. and {Sako}, T. and {Sullivan}, D.~J. and
	{Sweatman}, W.~L. and {Tristram}, P.~J. and {von Seggern}, E. and
	{Yock}, P.~C.~M. and {MOA Collaboration} and {Albrow}, M. and
	{Batista}, V. and {Beaulieu}, J.~P. and {Brillant}, S. and {Caldwell}, J. and
	{Calitz}, J.~J. and {Cassan}, A. and {Cole}, A. and {Cook}, K. and
	{Coutures}, C. and {Dieters}, S. and {Dominis Prester}, D. and
	{Donatowicz}, J. and {Fouqu{\'e}}, P. and {Hill}, K. and {Hoffman}, M. and
	{Jablonski}, F. and {Kane}, S.~R. and {Kains}, N. and {Kubas}, D. and
	{Marquette}, J.-B. and {Martin}, R. and {Martioli}, E. and {Meintjes}, P. and
	{Menzies}, J. and {Pedretti}, E. and {Pollard}, K. and {Sahu}, K.~C. and
	{Vinter}, C. and {Wambsganss}, J. and {Watson}, R. and {Williams}, A. and
	{Zub}, M. and {PLANET Collaboration} and {Allan}, A. and {Bode}, M.~F. and
	{Bramich}, D.~M. and {Burgdorf}, M.~J. and {Clay}, N. and {Fraser}, S. and
	{Hawkins}, E. and {Horne}, K. and {Kerins}, E. and {Lister}, T.~A. and
	{Mottram}, C. and {Saunders}, E.~S. and {Snodgrass}, C. and
	{Steele}, I.~A. and {Tsapras}, Y. and {RoboNet Collaboration} and
	{J{\o}rgensen}, U.~G. and {Anguita}, T. and {Bozza}, V. and
	{Calchi Novati}, S. and {Harps{\o}e}, K. and {Hinse}, T.~C. and
	{Hundertmark}, M. and {Kj{\ae}rgaard}, P. and {Liebig}, C. and
	{Mancini}, L. and {Masi}, G. and {Mathiasen}, M. and {Rahvar}, S. and
	{Ricci}, D. and {Scarpetta}, G. and {Southworth}, J. and {Surdej}, J. and
	{Th{\"o}ne}, C.~C. and {MiNDSTEp Consortium}},
    title = "{Frequency of Solar-like Systems and of Ice and Gas Giants Beyond the Snow Line from High-magnification Microlensing Events in 2005-2008}",
  journal = {\apj},
archivePrefix = "arXiv",
   eprint = {1001.0572},
 primaryClass = "astro-ph.EP",
 keywords = {gravitational lensing: micro, planetary systems},
     year = 2010,
    month = sep,
   volume = 720,
    pages = {1073-1089},
      doi = {10.1088/0004-637X/720/2/1073},
   adsurl = {http://adsabs.harvard.edu/abs/2010ApJ...720.1073G},
  adsnote = {Provided by the SAO/NASA Astrophysics Data System}
}

@ARTICLE{Clanton2016,
   author = {{Clanton}, C. and {Gaudi}, B.~S.},
    title = "{Synthesizing Exoplanet Demographics: A Single Population of Long-period Planetary Companions to M Dwarfs Consistent with Microlensing, Radial Velocity, and Direct Imaging Surveys}",
  journal = {\apj},
archivePrefix = "arXiv",
   eprint = {1508.04434},
 primaryClass = "astro-ph.EP",
 keywords = {gravitational lensing: micro, methods: statistical, planets and satellites: general, stars: low-mass, techniques: high angular resolution, techniques: radial velocities},
     year = 2016,
    month = mar,
   volume = 819,
      eid = {125},
    pages = {125},
      doi = {10.3847/0004-637X/819/2/125},
   adsurl = {http://adsabs.harvard.edu/abs/2016ApJ...819..125C},
  adsnote = {Provided by the SAO/NASA Astrophysics Data System}
}

@ARTICLE{Hatzes_2013,
   author = {{Hatzes}, A.~P.},
    title = "{The Radial Velocity Detection of Earth-mass Planets in the Presence of Activity Noise: The Case of {$\alpha$} Centauri Bb}",
  journal = {\apj},
archivePrefix = "arXiv",
   eprint = {1305.4960},
 primaryClass = "astro-ph.SR",
 keywords = {planetary systems, techniques: radial velocities},
     year = 2013,
    month = jun,
   volume = 770,
      eid = {133},
    pages = {133},
      doi = {10.1088/0004-637X/770/2/133},
   adsurl = {http://adsabs.harvard.edu/abs/2013ApJ...770..133H},
  adsnote = {Provided by the SAO/NASA Astrophysics Data System}
}

@ARTICLE{Dumusque_2011,
   author = {{Dumusque}, X. and {Santos}, N.~C. and {Udry}, S. and others},
    title = "{Planetary detection limits taking into account stellar noise. II. Effect of stellar spot groups on radial-velocities}",
  journal = {\aap},
archivePrefix = "arXiv",
   eprint = {1101.0954},
 primaryClass = "astro-ph.EP",
 keywords = {stars: individual:{$\alpha$}Cen B, planetary systems, stars: activity, Sun: activity, sunspots, techniques: radial velocities},
     year = 2011,
    month = mar,
   volume = 527,
      eid = {A82},
    pages = {A82},
      doi = {10.1051/0004-6361/201015877},
   adsurl = {http://adsabs.harvard.edu/abs/2011A%26A...527A..82D},
  adsnote = {Provided by the SAO/NASA Astrophysics Data System}
}

@ARTICLE{Chaplin2013b,
   author = {{Chaplin}, W.~J. and {Basu}, S. and {Huber}, D. and others},
    title = "{Asteroseismic fundamental properties of solar-type stars observed by the NASA Kepler Mission}",
  journal = {ArXiv e-prints},
archivePrefix = "arXiv",
   eprint = {1310.4001},
 primaryClass = "astro-ph.SR",
 keywords = {Astrophysics - Solar and Stellar Astrophysics},
     year = 2013,
    month = oct,
   adsurl = {http://adsabs.harvard.edu/abs/2013arXiv1310.4001C},
  adsnote = {Provided by the SAO/NASA Astrophysics Data System}
}

@ARTICLE{Mamajek2008,
   author = {{Mamajek}, E.~E. and {Hillenbrand}, L.~A.},
    title = "{Improved Age Estimation for Solar-Type Dwarfs Using Activity-Rotation Diagnostics}",
  journal = {\apj},
archivePrefix = "arXiv",
   eprint = {0807.1686},
 keywords = {Stars: Activity, Stars: Chromospheres, Stars: Coronae, Stars: Fundamental Parameters, Stars: Rotation, X-Rays: Stars},
     year = 2008,
    month = nov,
   volume = 687,
    pages = {1264-1293},
      doi = {10.1086/591785},
   adsurl = {http://adsabs.harvard.edu/abs/2008ApJ...687.1264M},
  adsnote = {Provided by the SAO/NASA Astrophysics Data System}
}

@ARTICLE{Hogg_2010,
   author = {{Hogg}, D.~W. and {Bovy}, J. and {Lang}, D.},
    title = "{Data analysis recipes: Fitting a model to data}",
  journal = {ArXiv e-prints},
archivePrefix = "arXiv",
   eprint = {1008.4686},
 primaryClass = "astro-ph.IM",
 keywords = {Astrophysics - Instrumentation and Methods for Astrophysics, Physics - Data Analysis, Statistics and Probability},
     year = 2010,
    month = aug,
   adsurl = {http://adsabs.harvard.edu/abs/2010arXiv1008.4686H},
  adsnote = {Provided by the SAO/NASA Astrophysics Data System}
}

@ARTICLE{Foreman-Mackey2013,
   author = {{Foreman-Mackey}, D. and {Hogg}, D.~W. and {Lang}, D. and others},
    title = "{emcee: The MCMC Hammer}",
  journal = {\pasp},
archivePrefix = "arXiv",
   eprint = {1202.3665},
 primaryClass = "astro-ph.IM",
 keywords = {Data Analysis and Techniques},
     year = 2013,
    month = mar,
   volume = 125,
    pages = {306-312},
      doi = {10.1086/670067},
   adsurl = {http://adsabs.harvard.edu/abs/2013PASP..125..306F},
  adsnote = {Provided by the SAO/NASA Astrophysics Data System}
}

Goodman, J. & Weare, J., 2010, Comm. App. Math. Comp. Sci., 5, 65
@ARTICLE{Goodman2010,
   author = {{Goodman, J.} and Weare, J.},
    title = "{Ensemble samplers with affine invariance}",
  journal = {Communications in Applied Mathematics and Computational Science},
     year = 2010,
   volume = 5,
    pages = {1},
}

@ARTICLE{Hogg2010,
   author = {{Hogg}, D.~W. and {Myers}, A.~D. and {Bovy}, J.},
    title = "{Inferring the Eccentricity Distribution}",
  journal = {\apj},
archivePrefix = "arXiv",
   eprint = {1008.4146},
 primaryClass = "astro-ph.SR",
 keywords = {binaries: general, methods: data analysis, methods: statistical, planetary systems, planets and satellites: fundamental parameters, stars: kinematics and dynamics},
     year = 2010,
    month = dec,
   volume = 725,
    pages = {2166-2175},
      doi = {10.1088/0004-637X/725/2/2166},
   adsurl = {http://adsabs.harvard.edu/abs/2010ApJ...725.2166H},
  adsnote = {Provided by the SAO/NASA Astrophysics Data System}
}

@ARTICLE{Hogg2010b,
   author = {{Hogg}, D.~W. and {Bovy}, J. and {Lang}, D.},
    title = "{Data analysis recipes: Fitting a model to data}",
  journal = {ArXiv e-prints},
archivePrefix = "arXiv",
   eprint = {1008.4686},
 primaryClass = "astro-ph.IM",
 keywords = {Astrophysics - Instrumentation and Methods for Astrophysics, Physics - Data Analysis, Statistics and Probability},
     year = 2010,
    month = aug,
   adsurl = {http://adsabs.harvard.edu/abs/2010arXiv1008.4686H},
  adsnote = {Provided by the SAO/NASA Astrophysics Data System}
}

@ARTICLE{Radick1987,
   author = {{Radick}, R.~R. and {Thompson}, D.~T. and {Lockwood}, G.~W. and others},
    title = "{The activity, variability, and rotation of lower main-sequence Hyades stars}",
  journal = {\apj},
 keywords = {Late Stars, Main Sequence Stars, Stellar Activity, Stellar Rotation, Variable Stars, Calcium, Emission Spectra, Potassium, Stellar Spectra, Stellar Spectrophotometry},
     year = 1987,
    month = oct,
   volume = 321,
    pages = {459-472},
      doi = {10.1086/165645},
   adsurl = {http://adsabs.harvard.edu/abs/1987ApJ...321..459R},
  adsnote = {Provided by the SAO/NASA Astrophysics Data System}
}

@ARTICLE{Mcquillan2014,
   author = {{McQuillan}, A. and {Mazeh}, T. and {Aigrain}, S.},
    title = "{Rotation Periods of 34,030 Kepler Main-sequence Stars: The Full Autocorrelation Sample}",
  journal = {\apjs},
archivePrefix = "arXiv",
   eprint = {1402.5694},
 primaryClass = "astro-ph.SR",
 keywords = {catalogs, methods: data analysis, methods: observational, stars: activity, stars: low-mass, stars: rotation, techniques: photometric},
     year = 2014,
    month = apr,
   volume = 211,
      eid = {24},
    pages = {24},
      doi = {10.1088/0067-0049/211/2/24},
   adsurl = {http://adsabs.harvard.edu/abs/2014ApJS..211...24M},
  adsnote = {Provided by the SAO/NASA Astrophysics Data System}
}

@ARTICLE{Metcalfe2012,
   author = {{Metcalfe}, T.~S. and {Chaplin}, W.~J. and {Appourchaux}, T. and others},
    title = "{Asteroseismology of the Solar Analogs 16 Cyg A and B from Kepler Observations}",
  journal = {\apjl},
archivePrefix = "arXiv",
   eprint = {1201.5966},
 primaryClass = "astro-ph.SR",
 keywords = {stars: fundamental parameters, stars: individual: HD 186408 HD 186427, stars: interiors, stars: oscillations, stars: solar-type},
     year = 2012,
    month = mar,
   volume = 748,
      eid = {L10},
    pages = {L10},
      doi = {10.1088/2041-8205/748/1/L10},
   adsurl = {http://adsabs.harvard.edu/abs/2012ApJ...748L..10M},
  adsnote = {Provided by the SAO/NASA Astrophysics Data System}
}

@ARTICLE{Ramirez2009,
   author = {{Ram{\'{\i}}rez}, I. and {Mel{\'e}ndez}, J. and {Asplund}, M.
	},
    title = "{Accurate abundance patterns of solar twins and analogs. Does the anomalous solar chemical composition come from planet formation?}",
  journal = {\aap},
 keywords = {stars: abundances, Sun: abundances, planetary systems},
     year = 2009,
    month = dec,
   volume = 508,
    pages = {L17-L20},
      doi = {10.1051/0004-6361/200913038},
   adsurl = {http://adsabs.harvard.edu/abs/2009A%26A...508L..17R},
  adsnote = {Provided by the SAO/NASA Astrophysics Data System}
}

@ARTICLE{Henry2000,
   author = {{Henry}, G.~W. and {Baliunas}, S.~L. and {Donahue}, R.~A. and others},
    title = "{Photometric and Ca II H and K Spectroscopic Variations in Nearby Sun-like Stars with Planets. III.}",
  journal = {\apj},
 keywords = {STARS: PLANETARY SYSTEMS, STARS: ACTIVITY, STARS: LATE-TYPE, TECHNIQUES: PHOTOMETRIC, TECHNIQUES: SPECTROSCOPIC},
     year = 2000,
    month = mar,
   volume = 531,
    pages = {415-437},
      doi = {10.1086/308466},
   adsurl = {http://adsabs.harvard.edu/abs/2000ApJ...531..415H},
  adsnote = {Provided by the SAO/NASA Astrophysics Data System}
}

@ARTICLE{Bazot2012,
   author = {{Bazot}, M. and {Bourguignon}, S. and {Christensen-Dalsgaard}, J.
	},
    title = "{A Bayesian approach to the modelling of {$\alpha$} Cen A}",
  journal = {\mnras},
archivePrefix = "arXiv",
   eprint = {1209.0222},
 primaryClass = "astro-ph.SR",
 keywords = {methods: numerical, methods: statistical, stars: evolution, stars: fundamental parameters, stars: individual: {$\alpha$} Cen A, stars: oscillations},
     year = 2012,
    month = dec,
   volume = 427,
    pages = {1847-1866},
      doi = {10.1111/j.1365-2966.2012.21818.x},
   adsurl = {http://adsabs.harvard.edu/abs/2012MNRAS.427.1847B},
  adsnote = {Provided by the SAO/NASA Astrophysics Data System}
}

@ARTICLE{Yildiz2007,
   author = {{Y{\i}ld{\i}z}, M.},
    title = "{Models of {$\alpha$} Centauri A and B with and without seismic constraints: time dependence of the mixing-length parameter}",
  journal = {\mnras},
   eprint = {astro-ph/0611733},
 keywords = {stars: abundances, binaries: visual, stars: evolution, stars: individual: {$\alpha$} Centauri, stars: interiors, stars: oscillations},
     year = 2007,
    month = feb,
   volume = 374,
    pages = {1264-1270},
      doi = {10.1111/j.1365-2966.2006.11218.x},
   adsurl = {http://adsabs.harvard.edu/abs/2007MNRAS.374.1264Y},
  adsnote = {Provided by the SAO/NASA Astrophysics Data System}
}

@ARTICLE{Hallam1991,
   author = {{Hallam}, K.~L. and {Altner}, B. and {Endal}, A.~S.},
    title = "{Rotational modulation in IUE spectra of cool dwarf chromospheres. I - Data analysis and period search techniques}",
  journal = {\apj},
 keywords = {Chromosphere, Cool Stars, Dwarf Stars, Stellar Atmospheres, Stellar Rotation, Stellar Spectra, Emission Spectra, Iue, Light Curve, Magnesium, Time Series Analysis},
     year = 1991,
    month = may,
   volume = 372,
    pages = {610-632},
      doi = {10.1086/170005},
   adsurl = {http://adsabs.harvard.edu/abs/1991ApJ...372..610H},
  adsnote = {Provided by the SAO/NASA Astrophysics Data System}
}

@ARTICLE{Mermilliod1986,
   author = {{Mermilliod}, J.-C.},
    title = "{Compilation of Eggen's UBV data, transformed to UBV (unpublished)}",
  journal = {Catalogue of Eggen's UBV data., 0 (1986)},
     year = 1986,
    pages = {0},
   adsurl = {http://adsabs.harvard.edu/abs/1986EgUBV........0M},
  adsnote = {Provided by the SAO/NASA Astrophysics Data System}
}

@ARTICLE{Dumusque2012,
   author = {{Dumusque}, X. and {Pepe}, F. and {Lovis}, C. and others},
    title = "{An Earth-mass planet orbiting {$\alpha$} Centauri B}",
  journal = {\nat},
     year = 2012,
    month = nov,
   volume = 491,
    pages = {207-211},
      doi = {10.1038/nature11572},
   adsurl = {http://adsabs.harvard.edu/abs/2012Natur.491..207D},
  adsnote = {Provided by the SAO/NASA Astrophysics Data System}
}

@ARTICLE{Bouvier2010,
   author = {{Bouvier}, A. and {Wadhwa}, M.},
    title = "{The age of the Solar System redefined by the oldest Pb-Pb age of a meteoritic inclusion}",
  journal = {Nature Geoscience},
     year = 2010,
    month = sep,
   volume = 3,
    pages = {637-641},
      doi = {10.1038/ngeo941},
   adsurl = {http://adsabs.harvard.edu/abs/2010NatGe...3..637B},
  adsnote = {Provided by the SAO/NASA Astrophysics Data System}
}

@ARTICLE{Donahue1996,
   author = {{Donahue}, R.~A. and {Saar}, S.~H. and {Baliunas}, S.~L.},
    title = "{A Relationship between Mean Rotation Period in Lower Main-Sequence Stars and Its Observed Range}",
  journal = {\apj},
 keywords = {STARS: ACTIVITY, STARS: CHROMOSPHERES, STARS: LATE-TYPE, STARS: ROTATION},
     year = 1996,
    month = jul,
   volume = 466,
    pages = {384},
      doi = {10.1086/177517},
   adsurl = {http://adsabs.harvard.edu/abs/1996ApJ...466..384D},
  adsnote = {Provided by the SAO/NASA Astrophysics Data System}
}

@ARTICLE{Li2012,
   author = {{Li}, T.~D. and {Bi}, S.~L. and {Liu}, K. and others},
    title = "{Stellar parameters and seismological analysis of the star 18 Scorpii}",
  journal = {\aap},
 keywords = {stars: individual: 18 Scorpii, stars: evolution, stars: rotation, stars: oscillations, stars: solar-type},
     year = 2012,
    month = oct,
   volume = 546,
      eid = {A83},
    pages = {A83},
      doi = {10.1051/0004-6361/201219063},
   adsurl = {http://adsabs.harvard.edu/abs/2012A%26A...546A..83L},
  adsnote = {Provided by the SAO/NASA Astrophysics Data System}
}

@ARTICLE{Petit2008,
   author = {{Petit}, P. and {Dintrans}, B. and {Solanki}, S.~K. and others},
    title = "{Toroidal versus poloidal magnetic fields in Sun-like stars: a rotation threshold}",
  journal = {\mnras},
archivePrefix = "arXiv",
   eprint = {0804.1290},
 keywords = {stars: individual: HD 73350 , stars: individual: HD 76151 , stars: individual: HD 146233 , stars: individual: HD 190771 , stars: magnetic fields , stars: rotation},
     year = 2008,
    month = jul,
   volume = 388,
    pages = {80-88},
      doi = {10.1111/j.1365-2966.2008.13411.x},
   adsurl = {http://adsabs.harvard.edu/abs/2008MNRAS.388...80P},
  adsnote = {Provided by the SAO/NASA Astrophysics Data System}
}

@ARTICLE{Moffett1979,
   author = {{Moffett}, T.~J. and {Barnes}, III, T.~G.},
    title = "{Secondary standards for BVRI photometry}",
  journal = {\pasp},
 keywords = {Astronomical Photometry, Pulsed Radiation, Radiation Measuring Instruments, Standards, Stellar Radiation, Counting Circuits, Interstellar Extinction, Telescopes},
     year = 1979,
    month = apr,
   volume = 91,
    pages = {180-192},
      doi = {10.1086/130468},
   adsurl = {http://cdsads.u-strasbg.fr/abs/1979PASP...91..180M},
  adsnote = {Provided by the SAO/NASA Astrophysics Data System}
}

@ARTICLE{Metcalfe2014,
   author = {{Metcalfe}, T.~S. and {Creevey}, O.~L. and {Dogan}, G. and others},
    title = "{Properties of 42 Solar-type Kepler Targets from the Asteroseismic Modeling Portal}",
  journal = {ArXiv e-prints},
archivePrefix = "arXiv",
   eprint = {1402.3614},
 primaryClass = "astro-ph.SR",
 keywords = {Astrophysics - Solar and Stellar Astrophysics},
     year = 2014,
    month = feb,
   adsurl = {http://adsabs.harvard.edu/abs/2014arXiv1402.3614M},
  adsnote = {Provided by the SAO/NASA Astrophysics Data System}
}

@ARTICLE{Bruntt2012,
   author = {{Bruntt}, H. and {Basu}, S. and {Smalley}, B. and others},
    title = "{Accurate fundamental parameters and detailed abundance patterns from spectroscopy of 93 solar-type Kepler targets}",
  journal = {\mnras},
archivePrefix = "arXiv",
   eprint = {1203.0611},
 primaryClass = "astro-ph.SR",
 keywords = {stars: abundances, stars: atmospheres, stars: fundamental parameters, stars: solar-type},
     year = 2012,
    month = jun,
   volume = 423,
    pages = {122-131},
      doi = {10.1111/j.1365-2966.2012.20686.x},
   adsurl = {http://adsabs.harvard.edu/abs/2012MNRAS.423..122B},
  adsnote = {Provided by the SAO/NASA Astrophysics Data System}
}

@ARTICLE{Casagrande2010,
   author = {{Casagrande}, L. and {Ram{\'{\i}}rez}, I. and {Mel{\'e}ndez}, J. and others},
    title = "{An absolutely calibrated T$_{eff}$ scale from the infrared flux method. Dwarfs and subgiants}",
  journal = {\aap},
archivePrefix = "arXiv",
   eprint = {1001.3142},
 primaryClass = "astro-ph.SR",
 keywords = {stars: fundamental parameters, stars: abundances, stars: atmospheres, infrared: stars, techniques: photometric},
     year = 2010,
    month = mar,
   volume = 512,
      eid = {A54},
    pages = {A54},
      doi = {10.1051/0004-6361/200913204},
   adsurl = {http://adsabs.harvard.edu/abs/2010A%26A...512A..54C},
  adsnote = {Provided by the SAO/NASA Astrophysics Data System}
}

@ARTICLE{SilvaAguirre2012,
   author = {{Silva Aguirre}, V. and {Casagrande}, L. and {Basu}, S. and others},
    title = "{Verifying Asteroseismically Determined Parameters of Kepler Stars Using Hipparcos Parallaxes: Self-consistent Stellar Properties and Distances}",
  journal = {\apj},
archivePrefix = "arXiv",
   eprint = {1208.6294},
 primaryClass = "astro-ph.SR",
 keywords = {asteroseismology, parallaxes, stars: distances, stars: fundamental parameters, stars: oscillations},
     year = 2012,
    month = sep,
   volume = 757,
      eid = {99},
    pages = {99},
      doi = {10.1088/0004-637X/757/1/99},
   adsurl = {http://adsabs.harvard.edu/abs/2012ApJ...757...99S},
  adsnote = {Provided by the SAO/NASA Astrophysics Data System}
}

@ARTICLE{Pinsonneault2012,
   author = {{Pinsonneault}, M.~H. and {An}, D. and {Molenda-Zakowicz}, J. and others},
    title = "{Effective temperature scale for KIC stars (Pinsonneault+, 2012)}",
  journal = {VizieR Online Data Catalog},
 keywords = {Effective temperatures, Abundances: [Fe/H], Stars: double and multiple},
     year = 2012,
    month = jun,
   volume = 219,
    pages = {90030},
   adsurl = {http://adsabs.harvard.edu/abs/2012yCat..21990030P},
  adsnote = {Provided by the SAO/NASA Astrophysics Data System}
}

@ARTICLE{Demarque2004,
   author = {{Demarque}, P. and {Woo}, J.-H. and {Kim}, Y.-C. and others},
    title = "{Y$^{2}$ Isochrones with an Improved Core Overshoot Treatment}",
  journal = {\apjs},
 keywords = {Convection, Stars: Evolution, Stars: Interiors},
     year = 2004,
    month = dec,
   volume = 155,
    pages = {667-674},
      doi = {10.1086/424966},
   adsurl = {http://adsabs.harvard.edu/abs/2004ApJS..155..667D},
  adsnote = {Provided by the SAO/NASA Astrophysics Data System}
}

@ARTICLE{Perryman1998,
   author = {{Perryman}, M.~A.~C. and {Brown}, A.~G.~A. and {Lebreton}, Y. and others},
    title = "{The Hyades: distance, structure, dynamics, and age}",
  journal = {\aap},
   eprint = {astro-ph/9707253},
 keywords = {ASTROMETRY, PARALLAXES, HR DIAGRAM, HYADES, DISTANCE SCALE},
     year = 1998,
    month = mar,
   volume = 331,
    pages = {81-120},
   adsurl = {http://adsabs.harvard.edu/abs/1998A%26A...331...81P},
  adsnote = {Provided by the SAO/NASA Astrophysics Data System}
}

@ARTICLE{Janes2011,
   author = {{Janes}, K.~A. and {Hoq}, S.},
    title = "{A Quantitative Analysis of Distant Open Clusters}",
  journal = {\aj},
 keywords = {Hertzsprung-Russell and C-M diagrams, open clusters and associations: general, open clusters and associations: individual: Berkeley 19 Berkeley 44 King 25 NGC 6802 NGC 6827 Berkeley 52 Berkeley 56 NGC 7142 NGC 7245 King 9, techniques: photometric},
     year = 2011,
    month = mar,
   volume = 141,
      eid = {92},
    pages = {92},
      doi = {10.1088/0004-6256/141/3/92},
   adsurl = {http://adsabs.harvard.edu/abs/2011AJ....141...92J},
  adsnote = {Provided by the SAO/NASA Astrophysics Data System}
}

@ARTICLE{Kovacs2014,
   author = {{Kov{\'a}cs}, G. and {Hartman}, J.~D. and {Bakos}, G.~{\'A}. and others},
    title = "{Stellar rotational periods in the planet hosting open cluster Praesepe}",
  journal = {\mnras},
archivePrefix = "arXiv",
   eprint = {1405.3728},
 primaryClass = "astro-ph.SR",
 keywords = {planetary systems, stars: rotation, starspots, stars: variables: {$\delta$} Scuti, open clusters and associations: individual: Praesepe},
     year = 2014,
    month = aug,
   volume = 442,
    pages = {2081-2093},
      doi = {10.1093/mnras/stu946},
   adsurl = {http://adsabs.harvard.edu/abs/2014MNRAS.442.2081K},
  adsnote = {Provided by the SAO/NASA Astrophysics Data System}
}

@ARTICLE{Khalaj2013,
   author = {{Khalaj}, P. and {Baumgardt}, H.},
    title = "{The stellar mass function, binary content and radial structure of the open cluster Praesepe derived from PPMXL and SDSS data}",
  journal = {\mnras},
archivePrefix = "arXiv",
   eprint = {1307.2020},
 primaryClass = "astro-ph.GA",
 keywords = {stars: luminosity function, mass function, open clusters and associations: individual: Praesepe},
     year = 2013,
    month = oct,
   volume = 434,
    pages = {3236-3245},
      doi = {10.1093/mnras/stt1239},
   adsurl = {http://adsabs.harvard.edu/abs/2013MNRAS.434.3236K},
  adsnote = {Provided by the SAO/NASA Astrophysics Data System}
}

@ARTICLE{Sekiguchi2000,
   author = {{Sekiguchi}, M. and {Fukugita}, M.},
    title = "{A Study of the B-V Color-Temperature Relation}",
  journal = {\aj},
   eprint = {astro-ph/9904299},
 keywords = {Stars: Color-Magnitude Diagrams, Stars: Atmospheres, Stars: Chromospheres},
     year = 2000,
    month = aug,
   volume = 120,
    pages = {1072-1084},
      doi = {10.1086/301490},
   adsurl = {http://adsabs.harvard.edu/abs/2000AJ....120.1072S},
  adsnote = {Provided by the SAO/NASA Astrophysics Data System}
}

@ARTICLE{Corner,
    Author = {Daniel Foreman-Mackey},
    Doi = {10.21105/joss.00024},
    Title = {corner.py: Scatterplot matrices in Python},
    Journal = {The Journal of Open Source Software},
    Year = 2016,
    Volume = 24,
    Url = {http://dx.doi.org/10.5281/zenodo.45906}
}

@ARTICLE{Appourchaux2012,
   author = {{Appourchaux}, T. and {Chaplin}, W.~J. and {Garc{\'{\i}}a}, R.~A. and others},
    title = "{Oscillation mode frequencies of 61 main-sequence and subgiant stars observed by Kepler}",
  journal = {\aap},
archivePrefix = "arXiv",
   eprint = {1204.3147},
 primaryClass = "astro-ph.SR",
 keywords = {asteroseismology, stars: solar-type, stars: oscillations},
     year = 2012,
    month = jul,
   volume = 543,
      eid = {A54},
    pages = {A54},
      doi = {10.1051/0004-6361/201218948},
   adsurl = {http://adsabs.harvard.edu/abs/2012A%26A...543A..54A},
  adsnote = {Provided by the SAO/NASA Astrophysics Data System}
}

@INPROCEEDINGS{Barnes2011,
   author = {{Barnes}, S.~A.},
    title = "{A nonlinear model for rotating cool stars}",
 keywords = {Convection, methods: analytical, stars: evolution, stars: late-type, stars: rotation},
booktitle = {IAU Symposium},
     year = 2011,
   series = {IAU Symposium},
   volume = 273,
   editor = {{Prasad Choudhary}, D. and {Strassmeier}, K.~G.},
    month = aug,
    pages = {465-468},
      doi = {10.1017/S174392131101578X},
   adsurl = {http://adsabs.harvard.edu/abs/2011IAUS..273..465B},
  adsnote = {Provided by the SAO/NASA Astrophysics Data System}
}

@ARTICLE{Barnes2010,
   author = {{Barnes}, S.~A.},
    title = "{A Simple Nonlinear Model for the Rotation of Main-sequence Cool Stars. I. Introduction, Implications for Gyrochronology, and Color-Period Diagrams}",
  journal = {\apj},
 keywords = {convection, methods: analytical, open clusters and associations: general, stars: evolution, stars: late-type, stars: rotation},
     year = 2010,
    month = oct,
   volume = 722,
    pages = {222-234},
      doi = {10.1088/0004-637X/722/1/222},
   adsurl = {http://adsabs.harvard.edu/abs/2010ApJ...722..222B},
  adsnote = {Provided by the SAO/NASA Astrophysics Data System}
}

@ARTICLE{Brown1994,
   author = {{Brown}, T.~M. and {Gilliland}, R.~L.},
    title = "{Asteroseismology}",
  journal = {\araa},
     year = 1994,
   volume = 32,
    pages = {37-82},
      doi = {10.1146/annurev.aa.32.090194.000345},
   adsurl = {http://adsabs.harvard.edu/abs/1994ARA%26A..32...37B},
  adsnote = {Provided by the SAO/NASA Astrophysics Data System}
}

@ARTICLE{SilvaAguirre2013,
   author = {{Silva Aguirre}, V. and {Basu}, S. and {Brand{\~a}o}, I.~M. and others},
    title = "{Stellar Ages and Convective Cores in Field Main-sequence Stars: First Asteroseismic Application to Two Kepler Targets}",
  journal = {\apj},
archivePrefix = "arXiv",
   eprint = {1304.2772},
 primaryClass = "astro-ph.SR",
 keywords = {asteroseismology, stars: fundamental parameters, stars: interiors, stars: oscillations },
     year = 2013,
    month = jun,
   volume = 769,
      eid = {141},
    pages = {141},
      doi = {10.1088/0004-637X/769/2/141},
   adsurl = {http://adsabs.harvard.edu/abs/2013ApJ...769..141S},
  adsnote = {Provided by the SAO/NASA Astrophysics Data System}
}

@ARTICLE{Noyes1984b,
   author = {{Noyes}, R.~W. and {Weiss}, N.~O. and {Vaughan}, A.~H.},
    title = "{The relation between stellar rotation rate and activity cycle periods}",
  journal = {\apj},
 keywords = {Angular Velocity, Dynamo Theory, Main Sequence Stars, Periodic Variations, Stellar Activity, Stellar Rotation, Stellar Spectra, Chromosphere, Data Correlation, Stellar Atmospheres, Stellar Magnetic Fields, Stellar Models},
     year = 1984,
    month = dec,
   volume = 287,
    pages = {769-773},
      doi = {10.1086/162735},
   adsurl = {http://adsabs.harvard.edu/abs/1984ApJ...287..769N},
  adsnote = {Provided by the SAO/NASA Astrophysics Data System}
}

@ARTICLE{Montesinos2001,
   author = {{Montesinos}, B. and {Thomas}, J.~H. and {Ventura}, P. and others},
    title = "{A new look at the relationship between activity, dynamo number and Rossby number in late-type stars}",
  journal = {\mnras},
 keywords = {CONVECTION, STARS: ACTIVITY, STARS: CHROMOSPHERES, STARS: ROTATION},
     year = 2001,
    month = sep,
   volume = 326,
    pages = {877-884},
      doi = {10.1046/j.1365-8711.2001.04476.x},
   adsurl = {http://adsabs.harvard.edu/abs/2001MNRAS.326..877M},
  adsnote = {Provided by the SAO/NASA Astrophysics Data System}
}

@ARTICLE{Kawaler1988,
   author = {{Kawaler}, S.~D.},
    title = "{Angular momentum loss in low-mass stars}",
  journal = {\apj},
 keywords = {Angular Momentum, Stellar Mass Ejection, Stellar Models, Stellar Rotation, Stellar Winds, Pre-Main Sequence Stars, Stellar Evolution, Stellar Interiors, Stellar Magnetic Fields},
     year = 1988,
    month = oct,
   volume = 333,
    pages = {236-247},
      doi = {10.1086/166740},
   adsurl = {http://adsabs.harvard.edu/abs/1988ApJ...333..236K},
  adsnote = {Provided by the SAO/NASA Astrophysics Data System}
}

@ARTICLE{Poppenhaeger2014,
   author = {{Poppenhaeger}, K. and {Wolk}, S.~J.},
    title = "{Indications for an influence of hot Jupiters on the rotation and activity of their host stars}",
  journal = {\aap},
archivePrefix = "arXiv",
   eprint = {1404.1073},
 primaryClass = "astro-ph.SR",
 keywords = {stars: activity, stars: coronae, planet-star interactions, X-rays: stars, binaries: general},
     year = 2014,
    month = may,
   volume = 565,
      eid = {L1},
    pages = {L1},
      doi = {10.1051/0004-6361/201423454},
   adsurl = {http://adsabs.harvard.edu/abs/2014A%26A...565L...1P},
  adsnote = {Provided by the SAO/NASA Astrophysics Data System}
}

@ARTICLE{Prosser1995,
   author = {{Prosser}, C.~F. and {Shetrone}, M.~D. and {Dasgupta}, A. and others},
    title = "{Rotation periods of open-cluster stars, 3}",
  journal = {\pasp},
 keywords = {Dwarf Stars, G Stars, K Stars, Open Clusters, Stellar Rotation, Stellar Spectrophotometry, X Ray Astronomy, X Ray Spectra, Angular Velocity, Color-Color Diagram, Data Correlation, Data Reduction, Light Curve, T Tauri Stars},
     year = 1995,
    month = mar,
   volume = 107,
    pages = {211-218},
      doi = {10.1086/133541},
   adsurl = {http://adsabs.harvard.edu/abs/1995PASP..107..211P},
  adsnote = {Provided by the SAO/NASA Astrophysics Data System}
}

@ARTICLE{Meibom2011_M34,
   author = {{Meibom}, S. and {Mathieu}, R.~D. and {Stassun}, K.~G. and others},
    title = "{The Color-period Diagram and Stellar Rotational Evolution --- New Rotation Period Measurements in the Open Cluster M34}",
  journal = {\apj},
archivePrefix = "arXiv",
   eprint = {1103.5171},
 primaryClass = "astro-ph.SR",
 keywords = {open clusters and associations: individual: M34, stars: activity, stars: late-type, stars: rotation, starspots},
     year = 2011,
    month = jun,
   volume = 733,
      eid = {115},
    pages = {115},
      doi = {10.1088/0004-637X/733/2/115},
   adsurl = {http://adsabs.harvard.edu/abs/2011ApJ...733..115M},
  adsnote = {Provided by the SAO/NASA Astrophysics Data System}
}

@ARTICLE{Jones1996,
   author = {{Jones}, B.~F. and {Prosser}, C.~F.},
    title = "{Membership of Stars in NGC 1039 (M34)}",
  journal = {\aj},
 keywords = {OPEN CLUSTERS AND ASSOCIATIONS: INDIVIDUAL: NGC 1039},
     year = 1996,
    month = mar,
   volume = 111,
    pages = {1193},
      doi = {10.1086/117865},
   adsurl = {http://adsabs.harvard.edu/abs/1996AJ....111.1193J},
  adsnote = {Provided by the SAO/NASA Astrophysics Data System}
}

@ARTICLE{Hartman2010,
   author = {{Hartman}, J.~D. and {Bakos}, G.~{\'A}. and {Kov{\'a}cs}, G. and others},
    title = "{A large sample of photometric rotation periods for FGK Pleiades stars}",
  journal = {\mnras},
 keywords = {techniques: photometric, catalogues, stars: late-type, stars: rotation, starspots, open clusters and associations: individual: Pleiades},
     year = 2010,
    month = oct,
   volume = 408,
    pages = {475-489},
      doi = {10.1111/j.1365-2966.2010.17147.x},
   adsurl = {http://adsabs.harvard.edu/abs/2010MNRAS.408..475H},
  adsnote = {Provided by the SAO/NASA Astrophysics Data System}
}

@ARTICLE{Soderblom2009,
   author = {{Soderblom}, D.~R. and {Laskar}, T. and {Valenti}, J.~A. and others},
    title = "{The Metallicity of the Pleiades}",
  journal = {\aj},
archivePrefix = "arXiv",
   eprint = {0909.0511},
 primaryClass = "astro-ph.SR",
 keywords = {open clusters and associations: individual: Pleiades, stars: abundances},
     year = 2009,
    month = nov,
   volume = 138,
    pages = {1292-1295},
      doi = {10.1088/0004-6256/138/5/1292},
   adsurl = {http://adsabs.harvard.edu/abs/2009AJ....138.1292S},
  adsnote = {Provided by the SAO/NASA Astrophysics Data System}
}

@ARTICLE{CollierCameron2009,
   author = {{Collier Cameron}, A. and {Davidson}, V.~A. and {Hebb}, L. and others},
    title = "{The main-sequence rotation-colour relation in the Coma Berenices open cluster}",
  journal = {\mnras},
archivePrefix = "arXiv",
   eprint = {0908.0189},
 primaryClass = "astro-ph.SR",
 keywords = {methods: data analysis , techniques: photometric , stars: activity , stars: rotation , open clusters and associations: individual: Melotte 111},
     year = 2009,
    month = nov,
   volume = 400,
    pages = {451-462},
      doi = {10.1111/j.1365-2966.2009.15476.x},
   adsurl = {http://adsabs.harvard.edu/abs/2009MNRAS.400..451C},
  adsnote = {Provided by the SAO/NASA Astrophysics Data System}
}

@ARTICLE{Dobbie2009,
   author = {{Dobbie}, P.~D. and {Casewell}, S.~L. and {Burleigh}, M.~R. and others},
    title = "{A massive white dwarf member of the Coma Berenices open cluster}",
  journal = {\mnras},
archivePrefix = "arXiv",
   eprint = {0902.4261},
 primaryClass = "astro-ph.SR",
 keywords = {white dwarfs , open clusters and associations: individual: Melotte111 , open clusters and associations: individual: Coma Berenices},
     year = 2009,
    month = may,
   volume = 395,
    pages = {1591-1598},
      doi = {10.1111/j.1365-2966.2009.14645.x},
   adsurl = {http://adsabs.harvard.edu/abs/2009MNRAS.395.1591D},
  adsnote = {Provided by the SAO/NASA Astrophysics Data System}
}

@PROCEEDINGS{Perryman1997,
    title = "{The HIPPARCOS and TYCHO catalogues. Astrometric and photometric star catalogues derived from the ESA HIPPARCOS Space Astrometry Mission}",
 keywords = {SPACE ASTROMETRY, STAR CATALOGS, POSITIONS, ARTIFICIAL SATELLITES},
booktitle = {ESA Special Publication},
     year = 1997,
   series = {ESA Special Publication},
   volume = 1200,
   editor = {{Perryman}, M.~A.~C. and {ESA}},
   adsurl = {http://adsabs.harvard.edu/abs/1997ESASP1200.....P},
  adsnote = {Provided by the SAO/NASA Astrophysics Data System}
}

@BOOK{Hoffleit1991,
   author = {{Hoffleit}, D. and {Jaschek}, C.~|.},
    title = "{The Bright star catalogue}",
 keywords = {HIGH LUMINOSITY STARS, STAR CATALOGS},
booktitle = {New Haven, Conn.: Yale University Observatory, |c1991, 5th rev.ed., edited by Hoffleit, Dorrit; Jaschek, Carlos |v(coll.)},
     year = 1991,
   adsurl = {http://adsabs.harvard.edu/abs/1991bsc..book.....H},
  adsnote = {Provided by the SAO/NASA Astrophysics Data System}
}

@ARTICLE{Mermilliod1991,
	author = {{Mermilliod}, J. C.},
	title = "{Catalogue of Homogeneous Means in the UBV System, CDS database II/168, http://vizier.cfa.harvard.edu/viz-bini/Cat?II/168}",
	year = 1991,
}

@ARTICLE{Cox2000,
   author = {{Cox}, A.~N. and {Pilachowski}, C.~A.},
    title = "{Allen's Astrophysical Quantities}",
  journal = {Physics Today},
     year = 2000,
    month = oct,
   volume = 53,
   number = 10,
    pages = {77},
      doi = {10.1063/1.1325201},
   adsurl = {http://adsabs.harvard.edu/abs/2000PhT....53j..77C},
  adsnote = {Provided by the SAO/NASA Astrophysics Data System}
}

@ARTICLE{Skumanich1972,
   author = {{Skumanich}, A.},
    title = "{Time Scales for CA II Emission Decay, Rotational Braking, and Lithium Depletion}",
  journal = {\apj},
     year = 1972,
    month = feb,
   volume = 171,
    pages = {565},
      doi = {10.1086/151310},
   adsurl = {http://adsabs.harvard.edu/abs/1972ApJ...171..565S},
  adsnote = {Provided by the SAO/NASA Astrophysics Data System}
}

@ARTICLE{Barnes2003,
   author = {{Barnes}, S.~A.},
    title = "{On the Rotational Evolution of Solar- and Late-Type Stars, Its Magnetic Origins, and the Possibility of Stellar Gyrochronology}",
  journal = {\apj},
   eprint = {astro-ph/0303631},
 keywords = {Galaxy: Open Clusters and Associations: General, Stars: Evolution, Stars: Interiors, Stars: Late-Type, Stars: Magnetic Fields, Stars: Rotation},
     year = 2003,
    month = mar,
   volume = 586,
    pages = {464-479},
      doi = {10.1086/367639},
   adsurl = {http://adsabs.harvard.edu/abs/2003ApJ...586..464B},
  adsnote = {Provided by the SAO/NASA Astrophysics Data System}
}

@ARTICLE{Mathur2014,
   author = {{Mathur}, S. and {Garc{\'{\i}}a}, R.~A. and {Ballot}, J. and others},
    title = "{Magnetic activity of F stars observed by Kepler}",
  journal = {\aap},
archivePrefix = "arXiv",
   eprint = {1312.6997},
 primaryClass = "astro-ph.SR",
 keywords = {asteroseismology, stars: solar-type, stars: activity, stars: general, methods: data analysis},
     year = 2014,
    month = feb,
   volume = 562,
      eid = {A124},
    pages = {A124},
      doi = {10.1051/0004-6361/201322707},
   adsurl = {http://adsabs.harvard.edu/abs/2014A%26A...562A.124M},
  adsnote = {Provided by the SAO/NASA Astrophysics Data System}
}

@ARTICLE{Thompson2013,
   author = {{Thompson}, S. E. and {Christiansen}, J. L. and {Jenkins}, J. M., et al.},
    title = "{Kepler Data Release 21 Notes}",
  journal = {(KSCI-19061-001), Kepler mission},
     year = 2013,
}

@ARTICLE{Cayrel1997,
   author = {{Cayrel de Strobel}, G. and {Soubiran}, C. and {Friel}, E.~D. and others},
    title = "{A catalogue of [Fe/H] determinations: 1996 edition}",
  journal = {\aaps},
   eprint = {astro-ph/9705206},
 keywords = {CATALOGUES, STARS: ABUNDANCES, STARS: ATMOSPHERES, STARS: FUNDAMENTAL PARAMETERS},
     year = 1997,
    month = aug,
   volume = 124,
    pages = {299-305},
      doi = {10.1051/aas:1997194},
   adsurl = {http://adsabs.harvard.edu/abs/1997A%26AS..124..299C},
  adsnote = {Provided by the SAO/NASA Astrophysics Data System}
}

@ARTICLE{Silva_Aguirre2011,
   author = {{Silva Aguirre}, V. and {Chaplin}, W.~J. and {Ballot}, J. and others},
    title = "{Constructing a One-solar-mass Evolutionary Sequence Using Asteroseismic Data from Kepler}",
  journal = {\apjl},
archivePrefix = "arXiv",
   eprint = {1108.2031},
 primaryClass = "astro-ph.SR",
 keywords = {asteroseismology, stars: evolution, stars: oscillations},
     year = 2011,
    month = oct,
   volume = 740,
      eid = {L2},
    pages = {L2},
      doi = {10.1088/2041-8205/740/1/L2},
   adsurl = {http://adsabs.harvard.edu/abs/2011ApJ...740L...2S},
  adsnote = {Provided by the SAO/NASA Astrophysics Data System}
}

@ARTICLE{Radick1995,
   author = {{Radick}, R.~R. and {Lockwood}, G.~W. and {Skiff}, B.~A. and
	{Thompson}, D.~T.},
    title = "{A 12 Year Photometric Study of Lower Main-Sequence Hyades Stars}",
  journal = {\apj},
 keywords = {GALAXY: OPEN CLUSTERS AND ASSOCIATIONS: INDIVIDUAL NAME: HYADES, STARS: ACTIVITY, STARS: LATE-TYPE, STARS: ROTATION},
     year = 1995,
    month = oct,
   volume = 452,
    pages = {332},
      doi = {10.1086/176305},
   adsurl = {http://adsabs.harvard.edu/abs/1995ApJ...452..332R},
  adsnote = {Provided by the SAO/NASA Astrophysics Data System}
}

@ARTICLE{Paulson2004,
   author = {{Paulson}, D.~B. and {Cochran}, W.~D. and {Hatzes}, A.~P.},
    title = "{Searching for Planets in the Hyades. V. Limits on Planet Detection in the Presence of Stellar Activity}",
  journal = {\aj},
   eprint = {astro-ph/0402569},
 keywords = {Galaxy: Open Clusters and Associations: Individual: Name: Hyades, Stars: Activity, Techniques: Radial Velocities},
     year = 2004,
    month = jun,
   volume = 127,
    pages = {3579-3586},
      doi = {10.1086/420710},
   adsurl = {http://adsabs.harvard.edu/abs/2004AJ....127.3579P},
  adsnote = {Provided by the SAO/NASA Astrophysics Data System}
}

@ARTICLE{Krishnamurthi1998,
   author = {{Krishnamurthi}, A. and {Terndrup}, D.~M. and {Pinsonneault}, M.~H. and others},
    title = "{New Rotation Periods in the Pleiades: Interpreting Activity Indicators}",
  journal = {\apj},
   eprint = {astro-ph/9711284},
 keywords = {STARS: ACTIVITY, STARS: EVOLUTION, STARS: ROTATION, X-RAYS: STARS, Stars: Activity, Stars: Evolution, Stars: Rotation, X-Rays: Stars},
     year = 1998,
    month = jan,
   volume = 493,
    pages = {914-925},
      doi = {10.1086/305173},
   adsurl = {http://adsabs.harvard.edu/abs/1998ApJ...493..914K},
  adsnote = {Provided by the SAO/NASA Astrophysics Data System}
}

@ARTICLE{Rogers2014,
   author = {{Rogers}, L.~A.},
    title = "{Most 1.6 Earth-Radius Planets are not Rocky}",
  journal = {ArXiv e-prints},
archivePrefix = "arXiv",
   eprint = {1407.4457},
 primaryClass = "astro-ph.EP",
 keywords = {Astrophysics - Earth and Planetary Astrophysics},
     year = 2014,
    month = jul,
   adsurl = {http://adsabs.harvard.edu/abs/2014arXiv1407.4457R},
  adsnote = {Provided by the SAO/NASA Astrophysics Data System}
}

@ARTICLE{Morton2014,
   author = {{Morton}, T.~D. and {Winn}, J.~N.},
    title = "{Obliquities of Kepler Stars: Comparison of Single- and Multiple-Transit Systems}",
  journal = {ArXiv e-prints},
archivePrefix = "arXiv",
   eprint = {1408.6606},
 primaryClass = "astro-ph.EP",
 keywords = {Astrophysics - Earth and Planetary Astrophysics},
     year = 2014,
    month = aug,
   adsurl = {http://adsabs.harvard.edu/abs/2014arXiv1408.6606M},
  adsnote = {Provided by the SAO/NASA Astrophysics Data System}
}

@ARTICLE{Davies2014,
   author = {{Davies}, G.~R. and {Chaplin}, W.~J. and {Farr}, W.~M. and others},
    title = "{Asteroseismic inference on rotation, gyrochronology and planetary system dynamics of 16 Cygni}",
  journal = {ArXiv e-prints},
archivePrefix = "arXiv",
   eprint = {1411.1359},
 primaryClass = "astro-ph.SR",
 keywords = {Astrophysics - Solar and Stellar Astrophysics},
     year = 2014,
    month = nov,
   adsurl = {http://adsabs.harvard.edu/abs/2014arXiv1411.1359D},
  adsnote = {Provided by the SAO/NASA Astrophysics Data System}
}

@ARTICLE{Demory2014,
   author = {{Demory}, B.-O.},
    title = "{The Albedos of Kepler's Close-in Super-Earths}",
  journal = {\apjl},
archivePrefix = "arXiv",
   eprint = {1405.3798},
 primaryClass = "astro-ph.EP",
 keywords = {planetary systems, techniques: photometric },
     year = 2014,
    month = jul,
   volume = 789,
      eid = {L20},
    pages = {L20},
      doi = {10.1088/2041-8205/789/1/L20},
   adsurl = {http://adsabs.harvard.edu/abs/2014ApJ...789L..20D},
  adsnote = {Provided by the SAO/NASA Astrophysics Data System}
}

% 16CygAB colours
@ARTICLE{Ducati2002,
   author = {{Ducati}, J.~R.},
    title = "{VizieR Online Data Catalog: Catalogue of Stellar Photometry in Johnson's 11-color system.}",
  journal = {VizieR Online Data Catalog},
 keywords = {Photometry: UBVRIJKLMNH},
     year = 2002,
   volume = 2237,
    pages = {0},
   adsurl = {http://cdsads.u-strasbg.fr/abs/2002yCat.2237....0D},
  adsnote = {Provided by the SAO/NASA Astrophysics Data System}
}

@ARTICLE{Mathur2012,
   author = {{Mathur}, S. and {Metcalfe}, T.~S. and {Woitaszek}, M. and others},
    title = "{A Uniform Asteroseismic Analysis of 22 Solar-type Stars Observed by Kepler}",
  journal = {\apj},
archivePrefix = "arXiv",
   eprint = {1202.2844},
 primaryClass = "astro-ph.SR",
 keywords = {methods: numerical, stars: evolution, stars: interiors, stars: oscillations},
     year = 2012,
    month = apr,
   volume = 749,
      eid = {152},
    pages = {152},
      doi = {10.1088/0004-637X/749/2/152},
   adsurl = {http://adsabs.harvard.edu/abs/2012ApJ...749..152M},
  adsnote = {Provided by the SAO/NASA Astrophysics Data System}
}

Malmquist, K. 1920. Medd. Lund. Astron. Obs. 22,1
@ARTICLE{Malmquist1920,
   author = {{Malmquist}, K.},
  journal = {Medd. Lund. Astron. Obs},
     year = 1920,
   volume = 22,
    pages = {1},
}

@ARTICLE{Vanderburg2014,
   author = {{Vanderburg}, A. and {Johnson}, J.~A.},
    title = "{A Technique for Extracting Highly Precise Photometry for the Two-Wheeled Kepler Mission}",
  journal = {\pasp},
archivePrefix = "arXiv",
   eprint = {1408.3853},
 primaryClass = "astro-ph.IM",
 keywords = {Data Analysis and Techniques},
     year = 2014,
    month = dec,
   volume = 126,
    pages = {948-958},
      doi = {10.1086/678764},
   adsurl = {http://adsabs.harvard.edu/abs/2014PASP..126..948V},
  adsnote = {Provided by the SAO/NASA Astrophysics Data System}
}

@ARTICLE{Christiansen2012,
   author = {{Christiansen}, J.~L. and {Jenkins}, J.~M. and {Caldwell}, D.~A. and
	others},
    title = "{The Derivation, Properties, and Value of Kepler''s Combined Differential Photometric Precision}",
  journal = {\pasp},
archivePrefix = "arXiv",
   eprint = {1208.0595},
 primaryClass = "astro-ph.EP",
 keywords = {Extrasolar Planets},
     year = 2012,
    month = dec,
   volume = 124,
    pages = {1279-1287},
      doi = {10.1086/668847},
   adsurl = {http://adsabs.harvard.edu/abs/2012PASP..124.1279C},
  adsnote = {Provided by the SAO/NASA Astrophysics Data System}
}

@ARTICLE{Garcia2011,
   author = {{Garc{\'{\i}}a}, R.~A. and {Hekker}, S. and {Stello}, D. and
	{Guti{\'e}rrez-Soto}, J. and {Handberg}, R. and {Huber}, D. and
	{Karoff}, C. and {Uytterhoeven}, K. and {Appourchaux}, T. and
	{Chaplin}, W.~J. and {Elsworth}, Y. and {Mathur}, S. and {Ballot}, J. and
	{Christensen-Dalsgaard}, J. and {Gilliland}, R.~L. and {Houdek}, G. and
	{Jenkins}, J.~M. and {Kjeldsen}, H. and {McCauliff}, S. and
	{Metcalfe}, T. and {Middour}, C.~K. and {Molenda-Zakowicz}, J. and
	{Monteiro}, M.~J.~P.~F.~G. and {Smith}, J.~C. and {Thompson}, M.~J.
	},
    title = "{Preparation of Kepler light curves for asteroseismic analyses}",
  journal = {\mnras},
archivePrefix = "arXiv",
   eprint = {1103.0382},
 primaryClass = "astro-ph.SR",
 keywords = {asteroseismology, methods: data analysis},
     year = 2011,
    month = jun,
   volume = 414,
    pages = {L6-L10},
      doi = {10.1111/j.1745-3933.2011.01042.x},
   adsurl = {http://adsabs.harvard.edu/abs/2011MNRAS.414L...6G},
  adsnote = {Provided by the SAO/NASA Astrophysics Data System}
}

@ARTICLE{Mcquillan2013,
   author = {{McQuillan}, A. and {Aigrain}, S. and {Mazeh}, T.},
    title = "{Measuring the rotation period distribution of field M dwarfs with Kepler}",
  journal = {\mnras},
archivePrefix = "arXiv",
   eprint = {1303.6787},
 primaryClass = "astro-ph.SR",
 keywords = {methods: data analysis, stars: evolution, stars: low-mass, stars: magnetic field, stars: rotation},
     year = 2013,
    month = jun,
   volume = 432,
    pages = {1203-1216},
      doi = {10.1093/mnras/stt536},
   adsurl = {http://adsabs.harvard.edu/abs/2013MNRAS.432.1203M},
  adsnote = {Provided by the SAO/NASA Astrophysics Data System}
}

@MISC{Carter2010,
   author = {{Carter}, J.~A. and {Winn}, J.~N.},
    title = "{Parameter Estimation from Time-Series Data with Correlated Errors: A Wavelet-Based Method and its Application to Transit Light Curves}",
howpublished = {Astrophysics Source Code Library},
     year = 2010,
    month = oct,
archivePrefix = "ascl",
   eprint = {1010.039},
   adsurl = {http://adsabs.harvard.edu/abs/2010ascl.soft10039C},
  adsnote = {Provided by the SAO/NASA Astrophysics Data System}
}

@ARTICLE{Lanza2014,
   author = {{Lanza}, A.~F. and {Das Chagas}, M.~L. and {De Medeiros}, J.~R.
	},
    title = "{Measuring stellar differential rotation with high-precision space-borne photometry}",
  journal = {\aap},
archivePrefix = "arXiv",
   eprint = {1402.6691},
 primaryClass = "astro-ph.SR",
 keywords = {Sun: rotation, stars: rotation, stars: late-type, starspots},
     year = 2014,
    month = apr,
   volume = 564,
      eid = {A50},
    pages = {A50},
      doi = {10.1051/0004-6361/201323172},
   adsurl = {http://adsabs.harvard.edu/abs/2014A%26A...564A..50L},
  adsnote = {Provided by the SAO/NASA Astrophysics Data System}
}

@ARTICLE{Jenkins2015,
   author = {{Jenkins}, J.~M. and {Twicken}, J.~D. and {Batalha}, N.~M. and
	{Caldwell}, D.~A. and {Cochran}, W.~D. and {Endl}, M. and {Latham}, D.~W. and
	{Esquerdo}, G.~A. and {Seader}, S. and {Bieryla}, A. and {Petigura}, E. and
	{Ciardi}, D.~R. and {Marcy}, G.~W. and {Isaacson}, H. and {Huber}, D. and
	{Rowe}, J.~F. and {Torres}, G. and {Bryson}, S.~T. and {Buchhave}, L. and
	{Ramirez}, I. and {Wolfgang}, A. and {Li}, J. and {Campbell}, J.~R. and
	{Tenenbaum}, P. and {Sanderfer}, D. and {Henze}, C.~E. and {Catanzarite}, J.~H. and
	{Gilliland}, R.~L. and {Borucki}, W.~J.},
    title = "{Discovery and Validation of Kepler-452b: A 1.6 R$_{⨁}$ Super Earth Exoplanet in the Habitable Zone of a G2 Star}",
  journal = {\aj},
archivePrefix = "arXiv",
   eprint = {1507.06723},
 primaryClass = "astro-ph.EP",
 keywords = {methods: statistical, planets and satellites: detection, stars: fundamental parameters, stars: individual: Kepler-452b, KIC 8311864, KOI7016.01},
     year = 2015,
    month = aug,
   volume = 150,
      eid = {56},
    pages = {56},
      doi = {10.1088/0004-6256/150/2/56},
   adsurl = {http://adsabs.harvard.edu/abs/2015AJ....150...56J},
  adsnote = {Provided by the SAO/NASA Astrophysics Data System}
}


@ARTICLE{Garcia2014,
   author = {{Garc{\'{\i}}a}, R.~A. and {Ceillier}, T. and {Salabert}, D. and
	{Mathur}, S. and {van Saders}, J.~L. and {Pinsonneault}, M. and
	{Ballot}, J. and {Beck}, P.~G. and {Bloemen}, S. and {Campante}, T.~L. and
	{Davies}, G.~R. and {do Nascimento}, Jr., J.-D. and {Mathis}, S. and
	{Metcalfe}, T.~S. and {Nielsen}, M.~B. and {Su{\'a}rez}, J.~C. and
	{Chaplin}, W.~J. and {Jim{\'e}nez}, A. and {Karoff}, C.},
    title = "{Rotation and magnetism of Kepler pulsating solar-like stars. Towards asteroseismically calibrated age-rotation relations}",
  journal = {\aap},
archivePrefix = "arXiv",
   eprint = {1403.7155},
 primaryClass = "astro-ph.SR",
 keywords = {asteroseismology, stars: activity, stars: rotation, stars: solar-type, stars: evolution, stars: oscillations},
     year = 2014,
    month = dec,
   volume = 572,
      eid = {A34},
    pages = {A34},
      doi = {10.1051/0004-6361/201423888},
   adsurl = {http://adsabs.harvard.edu/abs/2014A%26A...572A..34G},
  adsnote = {Provided by the SAO/NASA Astrophysics Data System}
}

@ARTICLE{Carter2009,
   author = {{Carter}, J.~A. and {Winn}, J.~N.},
    title = "{Parameter Estimation from Time-series Data with Correlated Errors: A Wavelet-based Method and its Application to Transit Light Curves}",
  journal = {\apj},
archivePrefix = "arXiv",
   eprint = {0909.0747},
 primaryClass = "astro-ph.EP",
 keywords = {methods: statistical, planetary systems, techniques: photometric},
     year = 2009,
    month = oct,
   volume = 704,
    pages = {51-67},
      doi = {10.1088/0004-637X/704/1/51},
   adsurl = {http://adsabs.harvard.edu/abs/2009ApJ...704...51C},
  adsnote = {Provided by the SAO/NASA Astrophysics Data System}
}

@ARTICLE{Andrews2014,
   author = {{Andrews}, J.~J. and {Price-Whelan}, A.~M. and {Ag{\"u}eros}, M.~A.
	},
    title = "{The Mass Distribution of Companions to Low-mass White Dwarfs}",
  journal = {\apjl},
archivePrefix = "arXiv",
   eprint = {1412.0114},
 primaryClass = "astro-ph.SR",
 keywords = {binaries: general, binaries: spectroscopic, methods: statistical, white dwarfs},
     year = 2014,
    month = dec,
   volume = 797,
      eid = {L32},
    pages = {L32},
      doi = {10.1088/2041-8205/797/2/L32},
   adsurl = {http://adsabs.harvard.edu/abs/2014ApJ...797L..32A},
  adsnote = {Provided by the SAO/NASA Astrophysics Data System}
}

@ARTICLE{Huber2009,
   author = {{Huber}, D. and {Stello}, D. and {Bedding}, T.~R. and others},
    title = "{Automated extraction of oscillation parameters for Kepler observations of solar-type stars}",
  journal = {Communications in Asteroseismology},
archivePrefix = "arXiv",
   eprint = {0910.2764},
 primaryClass = "astro-ph.SR",
     year = 2009,
    month = oct,
   volume = 160,
    pages = {74},
   adsurl = {http://adsabs.harvard.edu/abs/2009CoAst.160...74H},
  adsnote = {Provided by the SAO/NASA Astrophysics Data System}
}

@ARTICLE{Huber2013,
   author = {{Huber}, D. and {Chaplin}, W.~J. and {Christensen-Dalsgaard}, J. and
	{Gilliland}, R.~L. and {Kjeldsen}, H. and {Buchhave}, L.~A. and
	{Fischer}, D.~A. and {Lissauer}, J.~J. and {Rowe}, J.~F. and
	{Sanchis-Ojeda}, R. and {Basu}, S. and {Handberg}, R. and {Hekker}, S. and
	{Howard}, A.~W. and {Isaacson}, H. and {Karoff}, C. and {Latham}, D.~W. and
	{Lund}, M.~N. and {Lundkvist}, M. and {Marcy}, G.~W. and {Miglio}, A. and
	{Silva Aguirre}, V. and {Stello}, D. and {Arentoft}, T. and
	{Barclay}, T. and {Bedding}, T.~R. and {Burke}, C.~J. and {Christiansen}, J.~L. and
	{Elsworth}, Y.~P. and {Haas}, M.~R. and {Kawaler}, S.~D. and
	{Metcalfe}, T.~S. and {Mullally}, F. and {Thompson}, S.~E.},
    title = "{Fundamental Properties of Kepler Planet-candidate Host Stars using Asteroseismology}",
  journal = {\apj},
archivePrefix = "arXiv",
   eprint = {1302.2624},
 primaryClass = "astro-ph.SR",
 keywords = {planetary systems, stars: late-type, stars: oscillations, techniques: photometric, techniques: spectroscopic},
     year = 2013,
    month = apr,
   volume = 767,
      eid = {127},
    pages = {127},
      doi = {10.1088/0004-637X/767/2/127},
   adsurl = {http://adsabs.harvard.edu/abs/2013ApJ...767..127H},
  adsnote = {Provided by the SAO/NASA Astrophysics Data System}
}

% CHAPTER 3: SIP ============================================================


@ARTICLE{Sanchis-Ojeda2014,
   author = {{Sanchis-Ojeda}, R. and {Rappaport}, S. and {Winn}, J.~N. and
	   others},
    title = "{A Study of the Shortest-period Planets Found with Kepler}",
  journal = {\apj},
archivePrefix = "arXiv",
   eprint = {1403.2379},
 primaryClass = "astro-ph.EP",
 keywords = {planetary systems, planets and satellites: atmospheres, planets and satellites: detection},
     year = 2014,
    month = may,
   volume = 787,
      eid = {47},
    pages = {47},
      doi = {10.1088/0004-637X/787/1/47},
   adsurl = {http://adsabs.harvard.edu/abs/2014ApJ...787...47S},
  adsnote = {Provided by the SAO/NASA Astrophysics Data System}
}

@ARTICLE{Armstrong2015,
   author = {{Armstrong}, D.~J. and {Kirk}, J. and {Lam}, K.~W.~F. and
	   others},
    title = "{K2 Variable Catalogue II: Variable Stars and Eclipsing Binaries in K2 Fields 1 and 0}",
  journal = {ArXiv e-prints},
archivePrefix = "arXiv",
   eprint = {1502.04004},
 primaryClass = "astro-ph.SR",
 keywords = {Astrophysics - Solar and Stellar Astrophysics, Astrophysics - Earth and Planetary Astrophysics},
     year = 2015,
    month = feb,
   adsurl = {http://adsabs.harvard.edu/abs/2015arXiv150204004A},
  adsnote = {Provided by the SAO/NASA Astrophysics Data System}
}

@ARTICLE{Kass1996,
   author = {{Kass}, R.~E. and {Wasserman}, L.},
    title = "{The Selection of Prior Distributions by Formal Rules}",
  journal = {Journal of the American Statistical Association},
 keywords = {Bayes factors, Entropy, Haar measure Improper priors, Jeffrey's prior, Marginalization paradoxes, Noninformative priors, Reference priors},
     year = 1996,
   volume = 91,
      eid = {435},
    pages = {1343-1370}
}

@ARTICLE{Gelman2009,
   author = {{Gelman}, A.},
    title = "{Bayes, Jeffreys, Prior Distributions and the Philosophy of Statistics}",
  journal = {Statistical Science},
     year = 2009,
   volume = 24,
      eid = {2},
    pages = {176-178},
      doi = {10.1214/09-STS284D}
}

@ARTICLE{Lomb1976,
   author = {{Lomb}, N.~R.},
    title = "{Least-squares frequency analysis of unequally spaced data}",
  journal = {\apss},
 keywords = {Astronomy, Data Reduction, Least Squares Method, Background Noise, Power Spectra, Sine Waves, Spectrum Analysis, Statistical Analysis, Variable Stars},
     year = 1976,
    month = feb,
   volume = 39,
    pages = {447-462},
      doi = {10.1007/BF00648343},
   adsurl = {http://adsabs.harvard.edu/abs/1976Ap%26SS..39..447L},
  adsnote = {Provided by the SAO/NASA Astrophysics Data System}
}

@ARTICLE{Scargle1982,
   author = {{Scargle}, J.~D.},
    title = "{Studies in astronomical time series analysis. II - Statistical aspects of spectral analysis of unevenly spaced data}",
  journal = {\apj},
 keywords = {Astronomy, Signal Detection, Spectrum Analysis, Statistical Distributions, Time Series Analysis, Fourier Transformation, Frequency Response, Power Spectra, Signal To Noise Ratios},
     year = 1982,
    month = dec,
   volume = 263,
    pages = {835-853},
      doi = {10.1086/160554},
   adsurl = {http://adsabs.harvard.edu/abs/1982ApJ...263..835S},
  adsnote = {Provided by the SAO/NASA Astrophysics Data System}
}

@ARTICLE{Aigrain2012,
   author = {{Aigrain}, S. and {Pont}, F. and {Zucker}, S.},
    title = "{A simple method to estimate radial velocity variations due to stellar activity using photometry}",
  journal = {\mnras},
archivePrefix = "arXiv",
   eprint = {1110.1034},
 primaryClass = "astro-ph.SR",
 keywords = {methods: data analysis, techniques: photometric, techniques: radial velocities, Sun: activity, planetary systems, stars: individual: HD 189733},
     year = 2012,
    month = feb,
   volume = 419,
    pages = {3147-3158},
      doi = {10.1111/j.1365-2966.2011.19960.x},
   adsurl = {http://adsabs.harvard.edu/abs/2012MNRAS.419.3147A},
  adsnote = {Provided by the SAO/NASA Astrophysics Data System}
}

@ARTICLE{Aigrain2015,
   author = {{Aigrain}, S. and {Llama}, J. and {Ceillier}, T. and {Chagas}, M.~L.~d. and
	{Davenport}, J.~R.~A. and {Garc{\'{\i}}a}, R.~A. and {Hay}, K.~L. and
	{Lanza}, A.~F. and {McQuillan}, A. and {Mazeh}, T. and {de Medeiros}, J.~R. and
	{Nielsen}, M.~B. and {Reinhold}, T.},
    title = "{Testing the recovery of stellar rotation signals from Kepler light curves using a blind hare-and-hounds exercise}",
  journal = {\mnras},
archivePrefix = "arXiv",
   eprint = {1504.04029},
 primaryClass = "astro-ph.SR",
 keywords = {methods: data analysis, techniques: photometric, surveys, stars: rotation, starspots},
     year = 2015,
    month = jul,
   volume = 450,
    pages = {3211-3226},
      doi = {10.1093/mnras/stv853},
   adsurl = {http://adsabs.harvard.edu/abs/2015MNRAS.450.3211A},
  adsnote = {Provided by the SAO/NASA Astrophysics Data System}
}

@ARTICLE{Dumusque2014,
   author = {{Dumusque}, X. and {Boisse}, I. and {Santos}, N.~C.},
    title = "{SOAP 2.0: A Tool to Estimate the Photometric and Radial Velocity Variations Induced by Stellar Spots and Plages}",
  journal = {\apj},
archivePrefix = "arXiv",
   eprint = {1409.3594},
 primaryClass = "astro-ph.SR",
 keywords = {planetary systems, stars: activity, stars: individual: alpha Cen B, stars: individual: HD 189733, techniques: radial velocities},
     year = 2014,
    month = dec,
   volume = 796,
      eid = {132},
    pages = {132},
      doi = {10.1088/0004-637X/796/2/132},
   adsurl = {http://adsabs.harvard.edu/abs/2014ApJ...796..132D},
  adsnote = {Provided by the SAO/NASA Astrophysics Data System}
}

@ARTICLE{Scott1992,
   author = {{Scott}, T.~R. and {Hearnshaw}, J.~B. and {Watson}, R.~D. and
	{Kilmartin}, P.~M. and {Gilmore}, A.~C.},
    title = "{Photometric analysis of the chromospherically active giant star HD 86005}",
  journal = {Journal of Astrophysics and Astronomy},
 keywords = {Brightness, Chromosphere, Giant Stars, Starspots, Astronomical Photometry, Power Spectra},
     year = 1992,
    month = sep,
   volume = 13,
    pages = {279-286},
      doi = {10.1007/BF02702295},
   adsurl = {http://adsabs.harvard.edu/abs/1992JApA...13..279S},
  adsnote = {Provided by the SAO/NASA Astrophysics Data System}
}

@ARTICLE{Mottola1995,
   author = {{Mottola}, S. and {Sears}, W.~D. and {Erikson}, A. and {Harris}, A.~W. and
	{Young}, J.~W. and {Hahn}, G. and {Dahlgren}, M. and {Mueller}, B.~E.~A. and
	{Owen}, B. and {Ricardo}, G.-H. and {Licandro}, J. and {Barucci}, M.~A. and
	{Angeli}, C. and {Neukum}, G. and {Lagerkvist}, C.-I. and {Felix Lahulla}, J.
	},
    title = "{The slow rotation of 253 Mathilde}",
  journal = {\planss},
     year = 1995,
    month = dec,
   volume = 43,
    pages = {1609-1613},
      doi = {10.1016/0032-0633(95)00127-1},
   adsurl = {http://adsabs.harvard.edu/abs/1995P%26SS...43.1609M},
  adsnote = {Provided by the SAO/NASA Astrophysics Data System}
}

@ARTICLE{Reinhold2013,
   author = {{Reinhold}, T. and {Reiners}, A. and {Basri}, G.},
    title = "{Rotation and differential rotation of active Kepler stars}",
  journal = {\aap},
archivePrefix = "arXiv",
   eprint = {1308.1508},
 primaryClass = "astro-ph.SR",
 keywords = {stars: activity, stars: rotation, starspots},
     year = 2013,
    month = dec,
   volume = 560,
      eid = {A4},
    pages = {A4},
      doi = {10.1051/0004-6361/201321970},
   adsurl = {http://adsabs.harvard.edu/abs/2013A%26A...560A...4R},
  adsnote = {Provided by the SAO/NASA Astrophysics Data System}
}

@ARTICLE{Reinhold2013b,
   author = {{Reinhold}, T. and {Reiners}, A.},
    title = "{Fast and reliable method for measuring stellar differential rotation from photometric data}",
  journal = {\aap},
archivePrefix = "arXiv",
   eprint = {1306.2176},
 primaryClass = "astro-ph.SR",
 keywords = {stars: rotation, starspots, methods: analytical, methods: statistical, techniques: photometric},
     year = 2013,
    month = sep,
   volume = 557,
      eid = {A11},
    pages = {A11},
      doi = {10.1051/0004-6361/201321161},
   adsurl = {http://adsabs.harvard.edu/abs/2013A%26A...557A..11R},
  adsnote = {Provided by the SAO/NASA Astrophysics Data System}
}

@ARTICLE{Beky2014,
   author = {{B{\'e}ky}, B. and {Holman}, M.~J. and {Kipping}, D.~M. and
	{Noyes}, R.~W.},
    title = "{Stellar Rotation-Planetary Orbit Period Commensurability in the HAT-P-11 System}",
  journal = {\apj},
archivePrefix = "arXiv",
   eprint = {1403.7526},
 primaryClass = "astro-ph.SR",
 keywords = {stars: activity, stars: individual: HAT-P-11 Kepler-17, stars: rotation},
     year = 2014,
    month = jun,
   volume = 788,
      eid = {1},
    pages = {1},
      doi = {10.1088/0004-637X/788/1/1},
   adsurl = {http://adsabs.harvard.edu/abs/2014ApJ...788....1B},
  adsnote = {Provided by the SAO/NASA Astrophysics Data System}
}

@ARTICLE{Howell2014,
   author = {{Howell}, S.~B. and {Sobeck}, C. and {Haas}, M. and {Still}, M. and
	{Barclay}, T. and {Mullally}, F. and {Troeltzsch}, J. and {Aigrain}, S. and
	{Bryson}, S.~T. and {Caldwell}, D. and {Chaplin}, W.~J. and
	{Cochran}, W.~D. and {Huber}, D. and {Marcy}, G.~W. and {Miglio}, A. and
	{Najita}, J.~R. and {Smith}, M. and {Twicken}, J.~D. and {Fortney}, J.~J.
	},
    title = "{The K2 Mission: Characterization and Early Results}",
  journal = {\pasp},
archivePrefix = "arXiv",
   eprint = {1402.5163},
 primaryClass = "astro-ph.IM",
 keywords = {Astronomical Instrumentation},
     year = 2014,
    month = apr,
   volume = 126,
    pages = {398-408},
      doi = {10.1086/676406},
   adsurl = {http://adsabs.harvard.edu/abs/2014PASP..126..398H},
  adsnote = {Provided by the SAO/NASA Astrophysics Data System}
}

@ARTICLE{Mcquillan13b,
   author = {{McQuillan}, A. and {Mazeh}, T. and {Aigrain}, S.},
    title = "{Stellar Rotation Periods of the Kepler Objects of Interest: A Dearth of Close-in Planets around Fast Rotators}",
  journal = {\apjl},
archivePrefix = "arXiv",
   eprint = {1308.1845},
 primaryClass = "astro-ph.EP",
 keywords = {methods: observational, planets and satellites: dynamical evolution and stability, planet-star interactions, stars: rotation },
     year = 2013,
    month = sep,
   volume = 775,
      eid = {L11},
    pages = {L11},
      doi = {10.1088/2041-8205/775/1/L11},
   adsurl = {http://adsabs.harvard.edu/abs/2013ApJ...775L..11M},
  adsnote = {Provided by the SAO/NASA Astrophysics Data System}
}

@ARTICLE{Mazeh2015,
   author = {{Mazeh}, T. and {Perets}, H.~B. and {McQuillan}, A. and {Goldstein}, E.~S.
	},
    title = "{Photometric Amplitude Distribution of Stellar Rotation of KOIs---Indication for Spin-Orbit Alignment of Cool Stars and High Obliquity for Hot Stars}",
  journal = {\apj},
archivePrefix = "arXiv",
   eprint = {1501.01288},
 primaryClass = "astro-ph.EP",
 keywords = {methods: observational, planets and satellites: dynamical evolution and stability, planet-star interactions, stars: rotation },
     year = 2015,
    month = mar,
   volume = 801,
      eid = {3},
    pages = {3},
      doi = {10.1088/0004-637X/801/1/3},
   adsurl = {http://adsabs.harvard.edu/abs/2015ApJ...801....3M},
  adsnote = {Provided by the SAO/NASA Astrophysics Data System}
}

@ARTICLE{Chaplin2009,
   author = {{Chaplin}, W.~J. and {Houdek}, G. and {Karoff}, C. and {Elsworth}, Y. and
	{New}, R.},
    title = "{Mode lifetimes of stellar oscillations. Implications for asteroseismology}",
  journal = {\aap},
archivePrefix = "arXiv",
   eprint = {0905.1722},
 primaryClass = "astro-ph.SR",
 keywords = {convection, stars: oscillations, methods: data analysis},
     year = 2009,
    month = jun,
   volume = 500,
    pages = {L21-L24},
      doi = {10.1051/0004-6361/200911952},
   adsurl = {http://adsabs.harvard.edu/abs/2009A%26A...500L..21C},
  adsnote = {Provided by the SAO/NASA Astrophysics Data System}
}

@ARTICLE{Lund2015,
   author = {{Lund}, M.~N. and {Handberg}, R. and {Davies}, G.~R. and {Chaplin}, W.~J. and
	{Jones}, C.~D.},
    title = "{K2P\$\^{}2\$ \$-\$ A photometry pipeline for the K2 mission}",
  journal = {ArXiv e-prints},
archivePrefix = "arXiv",
   eprint = {1504.05199},
 primaryClass = "astro-ph.SR",
 keywords = {Astrophysics - Solar and Stellar Astrophysics, Astrophysics - Earth and Planetary Astrophysics, Astrophysics - Instrumentation and Methods for Astrophysics},
     year = 2015,
    month = apr,
   adsurl = {http://adsabs.harvard.edu/abs/2015arXiv150405199L},
  adsnote = {Provided by the SAO/NASA Astrophysics Data System}
}

@ARTICLE{Sanchis-Ojeda2015,
   author = {{Sanchis-Ojeda}, R. and {Rappaport}, S. and {Pall{\'e}}, E. and
	others},
    title = "{The K2-ESPRINT Project I: Discovery of the Disintegrating Rocky Planet with a Cometary Head and Tail EPIC 201637175b}",
  journal = {ArXiv e-prints},
archivePrefix = "arXiv",
   eprint = {1504.04379},
 primaryClass = "astro-ph.EP",
 keywords = {Astrophysics - Earth and Planetary Astrophysics},
     year = 2015,
    month = apr,
   adsurl = {http://adsabs.harvard.edu/abs/2015arXiv150404379S},
  adsnote = {Provided by the SAO/NASA Astrophysics Data System}
}

@ARTICLE{Angus2015,
   author = {{Angus}, R. and {Aigrain}, S. and {Foreman-Mackey}, D. and {McQuillan}, A.
	},
    title = "{Calibrating gyrochronology using Kepler asteroseismic targets}",
  journal = {\mnras},
archivePrefix = "arXiv",
   eprint = {1502.06965},
 primaryClass = "astro-ph.EP",
 keywords = {methods: statistical, stars: evolution, stars: fundamental parameters, stars: oscillations, stars: rotation, stars: solar-type},
     year = 2015,
    month = jun,
   volume = 450,
    pages = {1787-1798},
      doi = {10.1093/mnras/stv423},
   adsurl = {http://adsabs.harvard.edu/abs/2015MNRAS.450.1787A},
  adsnote = {Provided by the SAO/NASA Astrophysics Data System}
}

@ARTICLE{Angus2015b,
   author = {{Angus}, R. and {Aigrain}, S. and {Foreman-Mackey}, D.},
    title = "{Probabilistic stellar rotation periods with Gaussian processes}",
  journal = {IAU General Assembly},
     year = 2015,
    month = aug,
   volume = 22,
      eid = {2258396},
    pages = {2258396},
   adsurl = {http://adsabs.harvard.edu/abs/2015IAUGA..2258396A},
  adsnote = {Provided by the SAO/NASA Astrophysics Data System}
}

@ARTICLE{Dotter2008,
   author = {{Dotter}, A. and {Chaboyer}, B. and {Jevremovi{\'c}}, D. and
	{Kostov}, V. and {Baron}, E. and {Ferguson}, J.~W.},
    title = "{The Dartmouth Stellar Evolution Database}",
  journal = {\apjs},
archivePrefix = "arXiv",
   eprint = {0804.4473},
 keywords = {Galaxy: Globular Clusters: General, Galaxy: Open Clusters and Associations: General, Stars: Evolution},
     year = 2008,
    month = sep,
   volume = 178,
    pages = {89-101},
      doi = {10.1086/589654},
   adsurl = {http://adsabs.harvard.edu/abs/2008ApJS..178...89D},
  adsnote = {Provided by the SAO/NASA Astrophysics Data System}
}

@ARTICLE{Spada2013,
   author = {{Spada}, F. and {Demarque}, P. and {Kim}, Y.-C. and {Sills}, A.
	},
    title = "{The Radius Discrepancy in Low-mass Stars: Single versus Binaries}",
  journal = {\apj},
archivePrefix = "arXiv",
   eprint = {1308.5558},
 primaryClass = "astro-ph.SR",
 keywords = {stars: activity, stars: atmospheres, stars: evolution, stars: interiors, stars: low-mass},
     year = 2013,
    month = oct,
   volume = 776,
      eid = {87},
    pages = {87},
      doi = {10.1088/0004-637X/776/2/87},
   adsurl = {http://adsabs.harvard.edu/abs/2013ApJ...776...87S},
  adsnote = {Provided by the SAO/NASA Astrophysics Data System}
}

@ARTICLE{Gilliland1993,
   author = {{Gilliland}, R.~L. and {Brown}, T.~M. and {Kjeldsen}, H. and
	{McCarthy}, J.~K. and {Peri}, M.~L. and {Belmonte}, J.~A. and
	{Vidal}, I. and {Cram}, L.~E. and {Palmer}, J. and {Frandsen}, S. and
	{Parthasarathy}, M. and {Petro}, L. and {Schneider}, H. and
	{Stetson}, P.~B. and {Weiss}, W.~W.},
    title = "{A search for solar-like oscillations in the stars of M67 with CCD ensemble photometry on a network of 4 M telescopes}",
  journal = {\aj},
 keywords = {Astronomical Photometry, Charge Coupled Devices, Open Clusters, Stars, Stellar Oscillations, Telescopes, Amplitudes, Detection, Time Series Analysis},
     year = 1993,
    month = dec,
   volume = 106,
    pages = {2441-2476},
      doi = {10.1086/116814},
   adsurl = {http://adsabs.harvard.edu/abs/1993AJ....106.2441G},
  adsnote = {Provided by the SAO/NASA Astrophysics Data System}
}

@ARTICLE{Kjeldsen95a,
   author = {{Kjeldsen}, H. and {Bedding}, T.~R. and {Viskum}, M. and {Frandsen}, S.
	},
    title = "{Solarlike oscillations in eta Boo}",
  journal = {\aj},
   eprint = {astro-ph/9411016},
 keywords = {Balmer Series, G Stars, Power Spectra, Spectral Line Width, Stellar Oscillations, Stellar Temperature, Amplitudes, Data Correlation, Frequencies, Spectrum Analysis},
     year = 1995,
    month = mar,
   volume = 109,
    pages = {1313-1319},
      doi = {10.1086/117363},
   adsurl = {http://adsabs.harvard.edu/abs/1995AJ....109.1313K},
  adsnote = {Provided by the SAO/NASA Astrophysics Data System}
}

@ARTICLE{Toutain1992,
   author = {{Toutain}, T. and {Froehlich}, C.},
    title = "{Characteristics of solar p-modes - Results from the IPHIR experiment}",
  journal = {\aap},
 keywords = {P Waves, Solar Oscillations, Astronomical Models, Irradiation, Power Spectra, Solar Convection (Astronomy), Spectral Energy Distribution, Time Series Analysis},
     year = 1992,
    month = apr,
   volume = 257,
    pages = {287-297},
   adsurl = {http://adsabs.harvard.edu/abs/1992A%26A...257..287T},
  adsnote = {Provided by the SAO/NASA Astrophysics Data System}
}

@BOOK{Cox1980,
   author = {{Cox}, J.~P.},
    title = "{Theory of stellar pulsation}",
 keywords = {Astrophysics, Stellar Oscillations, Variable Stars, Adiabatic Conditions, Conservation Equations, Nonadiabatic Conditions, Radial Velocity, Stellar Gravitation, Stellar Luminosity, Stellar Models, Wave Equations},
booktitle = {Research supported by the National Science Foundation Princeton, NJ, Princeton University Press, 1980.~393 p.},
     year = 1980,
   adsurl = {http://adsabs.harvard.edu/abs/1980tsp..book.....C},
  adsnote = {Provided by the SAO/NASA Astrophysics Data System}
}

@INPROCEEDINGS{Brown2000,
   author = {{Brown}, T.~M.},
    title = "{Progress in Observational Asteroseismology}",
booktitle = {The Third MONS Workshop: Science Preparation and Target Selection},
     year = 2000,
   editor = {{Teixeira}, T. and {Bedding}, T.},
    month = apr,
    pages = {1},
   adsurl = {http://adsabs.harvard.edu/abs/2000mons.proc....1B},
  adsnote = {Provided by the SAO/NASA Astrophysics Data System}
}

@INPROCEEDINGS{Kjeldsen2001,
   author = {{Kjeldsen}, H. and {Bedding}, T.~R.},
    title = "{Current status of asteroseismology}",
 keywords = {ASTEROSEISMOLOGY, DELTA SCUTI STARS, SOLAR-LIKE OSCILLATIONS},
booktitle = {SOHO 10/GONG 2000 Workshop: Helio- and Asteroseismology at the Dawn of the Millennium},
     year = 2001,
   series = {ESA Special Publication},
   volume = 464,
   eprint = {astro-ph/0011354},
   editor = {{Wilson}, A. and {Pall{\'e}}, P.~L.},
    month = jan,
    pages = {361-366},
   adsurl = {http://adsabs.harvard.edu/abs/2001ESASP.464..361K},
  adsnote = {Provided by the SAO/NASA Astrophysics Data System}
}

@ARTICLE{Kjeldsen1995,
   author = {{Kjeldsen}, H. and {Bedding}, T.~R. and {Viskum}, M. and {Frandsen}, S.
	},
    title = "{Solarlike oscillations in eta Boo}",
  journal = {\aj},
   eprint = {astro-ph/9411016},
 keywords = {Balmer Series, G Stars, Power Spectra, Spectral Line Width, Stellar Oscillations, Stellar Temperature, Amplitudes, Data Correlation, Frequencies, Spectrum Analysis},
     year = 1995,
    month = mar,
   volume = 109,
    pages = {1313-1319},
      doi = {10.1086/117363},
   adsurl = {http://adsabs.harvard.edu/abs/1995AJ....109.1313K},
  adsnote = {Provided by the SAO/NASA Astrophysics Data System}
}

@ARTICLE{Barban1999,
   author = {{Barban}, C. and {Michel}, E. and {Martic}, M. and {Schmitt}, J. and
	{Lebrun}, J.~C. and {Baglin}, A. and {Bertaux}, J.~L.},
    title = "{Solar-like oscillations of Procyon A: stellar models and time series simulations versus observations}",
  journal = {\aap},
 keywords = {STARS: OSCILLATIONS, STARS: INDIVIDUAL: PROCYON A},
     year = 1999,
    month = oct,
   volume = 350,
    pages = {617-625},
   adsurl = {http://adsabs.harvard.edu/abs/1999A%26A...350..617B},
  adsnote = {Provided by the SAO/NASA Astrophysics Data System}
}

@ARTICLE{Martic1999,
   author = {{Marti{\'c}}, M. and {Schmitt}, J. and {Lebrun}, J.-C. and {Barban}, C. and
	{Connes}, P. and {Bouchy}, F. and {Michel}, E. and {Baglin}, A. and
	{Appourchaux}, T. and {Bertaux}, J.-L.},
    title = "{Evidence for global pressure oscillations on Procyon}",
  journal = {\aap},
 keywords = {STARS: OSCILLATIONS, STARS: INDIVIDUAL: PROCYON, TECHNIQUES: SPECTROSCOPIC},
     year = 1999,
    month = nov,
   volume = 351,
    pages = {993-1002},
   adsurl = {http://adsabs.harvard.edu/abs/1999A%26A...351..993M},
  adsnote = {Provided by the SAO/NASA Astrophysics Data System}
}

@INPROCEEDINGS{Martic2001,
   author = {{Marti{\'c}}, M. and {Lebrun}, J.~C. and {Schmitt}, J. and {Appourchaux}, T. and
	{Bertaux}, J.~L.},
    title = "{Observing solar-like oscillations: {$\alpha$} CMi, {$\eta$} Cas A and {$\zeta$} Her A}",
 keywords = {OSCILLATIONS, SOLAR-LIKE STARS, RADIAL VELOCITY},
booktitle = {SOHO 10/GONG 2000 Workshop: Helio- and Asteroseismology at the Dawn of the Millennium},
     year = 2001,
   series = {ESA Special Publication},
   volume = 464,
   editor = {{Wilson}, A. and {Pall{\'e}}, P.~L.},
    month = jan,
    pages = {431-434},
   adsurl = {http://adsabs.harvard.edu/abs/2001ESASP.464..431M},
  adsnote = {Provided by the SAO/NASA Astrophysics Data System}
}

@ARTICLE{Kjeldsen1999,
   author = {{Kjeldsen}, H. and {Bedding}, T.~R. and {Frandsen}, S. and {dall}, T.~H.
	},
    title = "{A search for solar-like oscillations and granulation in alpha CEN A}",
  journal = {\mnras},
   eprint = {astro-ph/9811299},
 keywords = {SUN: ATMOSPHERE, SUN: OSCILLATIONS, STARS: INDIVIDUAL: ALPHA CEN A (HR 5459), STARS: INDIVIDUAL: PROCYON (HR 2943), STARS: OSCILLATIONS},
     year = 1999,
    month = mar,
   volume = 303,
    pages = {579-587},
      doi = {10.1046/j.1365-8711.1999.02254.x},
   adsurl = {http://adsabs.harvard.edu/abs/1999MNRAS.303..579K},
  adsnote = {Provided by the SAO/NASA Astrophysics Data System}
}

@ARTICLE{Bedding2001,
   author = {{Bedding}, T.~R. and {Butler}, R.~P. and {Kjeldsen}, H. and
	{Baldry}, I.~K. and {O'Toole}, S.~J. and {Tinney}, C.~G. and
	{Marcy}, G.~W. and {Kienzle}, F. and {Carrier}, F.},
    title = "{Evidence for Solar-like Oscillations in {$\beta$} Hydri}",
  journal = {\apjl},
   eprint = {astro-ph/0012417},
 keywords = {Stars: Individual: Constellation Name: {$\beta$} Hydri, Stars: Oscillations, Techniques: Radial Velocities},
     year = 2001,
    month = mar,
   volume = 549,
    pages = {L105-L108},
      doi = {10.1086/319139},
   adsurl = {http://adsabs.harvard.edu/abs/2001ApJ...549L.105B},
  adsnote = {Provided by the SAO/NASA Astrophysics Data System}
}

@ARTICLE{Chaplin2014,
   author = {{Chaplin}, W.~J. and {Basu}, S. and {Huber}, D. and {Serenelli}, A. and
	{Casagrande}, L. and {Silva Aguirre}, V. and {Ball}, W.~H. and
	{Creevey}, O.~L. and {Gizon}, L. and {Handberg}, R. and {Karoff}, C. and
	{Lutz}, R. and {Marques}, J.~P. and {Miglio}, A. and {Stello}, D. and
	{Suran}, M.~D. and {Pricopi}, D. and {Metcalfe}, T.~S. and {Monteiro}, M.~J.~P.~F.~G. and
	{Molenda-{\.Z}akowicz}, J. and {Appourchaux}, T. and {Christensen-Dalsgaard}, J. and
	{Elsworth}, Y. and {Garc{\'{\i}}a}, R.~A. and {Houdek}, G. and
	{Kjeldsen}, H. and {Bonanno}, A. and {Campante}, T.~L. and {Corsaro}, E. and
	{Gaulme}, P. and {Hekker}, S. and {Mathur}, S. and {Mosser}, B. and
	{R{\'e}gulo}, C. and {Salabert}, D.},
    title = "{Asteroseismic Fundamental Properties of Solar-type Stars Observed by the NASA Kepler Mission}",
  journal = {\apjs},
archivePrefix = "arXiv",
   eprint = {1310.4001},
 primaryClass = "astro-ph.SR",
 keywords = {asteroseismology, methods: data analysis, stars: fundamental parameters, stars: interiors },
     year = 2014,
    month = jan,
   volume = 210,
      eid = {1},
    pages = {1},
      doi = {10.1088/0067-0049/210/1/1},
   adsurl = {http://adsabs.harvard.edu/abs/2014ApJS..210....1C},
  adsnote = {Provided by the SAO/NASA Astrophysics Data System}
}

@ARTICLE{Michel2008,
   author = {{Michel}, E. and {Baglin}, A. and {Weiss}, W.~W. and {Auvergne}, M. and
	{Catala}, C. and {Aerts}, C. and {Appourchaux}, T. and {Barban}, C. and
	{Baudin}, F. and {Briquet}, M.-L. and {Carrier}, F. and {Debosher}, J. and
	{De Ridder}, J. and {Garcia}, R.~A. and {Garrido}, R. and {Gutierrez}, J. and
	{Kallinger}, T. and {Lefevre}, L. and {Neiner}, C. and {Poretti}, E. and
	{Samadi}, R. and {Sarro}, L. and {COROT Team}},
    title = "{First asteroseismic results from CoRoT}",
  journal = {Communications in Asteroseismology},
     year = 2008,
    month = dec,
   volume = 157,
    pages = {69},
   adsurl = {http://adsabs.harvard.edu/abs/2008CoAst.157...69M},
  adsnote = {Provided by the SAO/NASA Astrophysics Data System}
}

@ARTICLE{Bruntt2009,
   author = {{Bruntt}, H.},
    title = "{Accurate fundamental parameters of CoRoT asteroseismic targets. The solar-like stars HD 49933, HD 175726, HD 181420, and HD 181906}",
  journal = {\aap},
archivePrefix = "arXiv",
   eprint = {0907.1198},
 primaryClass = "astro-ph.SR",
 keywords = {stars: fundamental parameters, binaries: spectroscopic, stars: abundances},
     year = 2009,
    month = oct,
   volume = 506,
    pages = {235-244},
      doi = {10.1051/0004-6361/200911925},
   adsurl = {http://adsabs.harvard.edu/abs/2009A%26A...506..235B},
  adsnote = {Provided by the SAO/NASA Astrophysics Data System}
}


% CHAPTER 4: GPs ========================================================

@ARTICLE{Russell1906,
   author = {{Russell}, H.~N.},
    title = "{On the light variations of asteroids and satellites}",
  journal = {\apj},
     year = 1906,
    month = jul,
   volume = 24,
    pages = {1-18},
      doi = {10.1086/141361},
   adsurl = {http://adsabs.harvard.edu/abs/1906ApJ....24....1R},
  adsnote = {Provided by the SAO/NASA Astrophysics Data System}
}

@INPROCEEDINGS{Jeffers2009,
   author = {{Jeffers}, S.~V. and {Keller}, C.~U.},
    title = "{An analytical model to demonstrate the reliability of reconstructed `active longitudes'.}",
 keywords = {Magnetic and electric fields, polarization of starlight, Main-sequence: late-type stars, Stellar atmospheres, radiative transfer, opacity and line formation},
booktitle = {15th Cambridge Workshop on Cool Stars, Stellar Systems, and the Sun},
     year = 2009,
   series = {American Institute of Physics Conference Series},
   volume = 1094,
   editor = {{Stempels}, E.},
    month = feb,
    pages = {664-667},
      doi = {10.1063/1.3099201},
   adsurl = {http://adsabs.harvard.edu/abs/2009AIPC.1094..664J},
  adsnote = {Provided by the SAO/NASA Astrophysics Data System}
}

@ARTICLE{Edelson1988,
   author = {{Edelson}, R.~A. and {Krolik}, J.~H.},
    title = "{The discrete correlation function - A new method for analyzing unevenly sampled variability data}",
  journal = {\apj},
 keywords = {Active Galactic Nuclei, Quasars, Radio Sources (Astronomy), Seyfert Galaxies, Stellar Luminosity, Ultraviolet Radiation, Computational Astrophysics, Cross Correlation, Emission Spectra, Line Spectra},
     year = 1988,
    month = oct,
   volume = 333,
    pages = {646-659},
      doi = {10.1086/166773},
   adsurl = {http://adsabs.harvard.edu/abs/1988ApJ...333..646E},
  adsnote = {Provided by the SAO/NASA Astrophysics Data System}
}

@ARTICLE{George,
      author        = {{Foreman-Mackey}, D. and {Hoyer}, S. and
                      {Bernhard}, J. and {Angus}, R.},
      title         = "{Fast Gaussian Processes for regression}",
      month         = Oct,
      year          = 2014,
      doi           = {10.5281/zenodo.11989},
      url           = {http://dx.doi.org/10.5281/zenodo.11989},
}

@ARTICLE{Ambikasaran2014,
   author = {{Ambikasaran}, S. and {Foreman-Mackey}, D. and {Greengard}, L. and
	{Hogg}, D.~W. and {O'Neil}, M.},
    title = "{Fast Direct Methods for Gaussian Processes}",
  journal = {ArXiv e-prints},
archivePrefix = "arXiv",
   eprint = {1403.6015},
 primaryClass = "math.NA",
 keywords = {Mathematics - Numerical Analysis, Astrophysics - Instrumentation and Methods for Astrophysics, Mathematics - Statistics Theory},
     year = 2014,
    month = mar,
   adsurl = {http://adsabs.harvard.edu/abs/2014arXiv1403.6015A},
  adsnote = {Provided by the SAO/NASA Astrophysics Data System}
}

@book{Rasmussen2005,
 author = {Rasmussen, Carl Edward and Williams, Christopher K. I.},
 title = {Gaussian Processes for Machine Learning (Adaptive Computation and Machine Learning)},
 year = {2005},
 isbn = {026218253X},
 publisher = {The MIT Press},
}

@ARTICLE{Gibson2012,
   author = {{Gibson}, N.~P. and {Aigrain}, S. and {Roberts}, S. and {Evans}, T.~M. and
	{Osborne}, M. and {Pont}, F.},
    title = "{A Gaussian process framework for modelling instrumental systematics: application to transmission spectroscopy}",
  journal = {\mnras},
archivePrefix = "arXiv",
   eprint = {1109.3251},
 primaryClass = "astro-ph.EP",
 keywords = {methods: data analysis, techniques: spectroscopic, stars: individual: HD 189733, planetary systems},
     year = 2012,
    month = jan,
   volume = 419,
    pages = {2683-2694},
      doi = {10.1111/j.1365-2966.2011.19915.x},
   adsurl = {http://adsabs.harvard.edu/abs/2012MNRAS.419.2683G},
  adsnote = {Provided by the SAO/NASA Astrophysics Data System}
}

@ARTICLE{Evans2015,
   author = {{Evans}, T.~M. and {Aigrain}, S. and {Gibson}, N. and {Barstow}, J.~K. and
	{Amundsen}, D.~S. and {Tremblin}, P. and {Mourier}, P.},
    title = "{A uniform analysis of HD 209458b Spitzer/IRAC light curves with Gaussian process models}",
  journal = {\mnras},
archivePrefix = "arXiv",
   eprint = {1504.05942},
 primaryClass = "astro-ph.EP",
 keywords = {methods: data analysis, planets and satellites: atmospheres, planets and satellites: general, stars: individual: HD 209458},
     year = 2015,
    month = jul,
   volume = 451,
    pages = {680-694},
      doi = {10.1093/mnras/stv910},
   adsurl = {http://adsabs.harvard.edu/abs/2015MNRAS.451..680E},
  adsnote = {Provided by the SAO/NASA Astrophysics Data System}
}

@ARTICLE{Aigrain2016,
   author = {{Aigrain}, S. and {Parviainen}, H. and {Pope}, B.~J.~S.},
    title = "{K2SC: Flexible systematics correction and detrending of K2 light curves using Gaussian Process regression}",
  journal = {\mnras},
archivePrefix = "arXiv",
   eprint = {1603.09167},
 primaryClass = "astro-ph.SR",
 keywords = {methods: data analysis, techniques: photometry, planetary systems, stars: rotation},
     year = 2016,
    month = apr,
      doi = {10.1093/mnras/stw706},
   adsurl = {http://adsabs.harvard.edu/abs/2016MNRAS.tmp..598A},
  adsnote = {Provided by the SAO/NASA Astrophysics Data System}
}

@PHDTHESIS{Haywood2015,
   author = {{Haywood}, R.~D.},
    title = "{Hide and Seek: Radial-Velocity Searches for Planets around Active Stars}",
 keywords = {Exoplanet detection, Stellar activity of Sun-like stars, Sunspots, faculae/plage, Super-Earths, Exoplanet characterisation, Radial-velocity technique},
   school = {University of St Andrews},
     year = 2015,
    month = nov,
      doi = {10.5281/zenodo.35161},
   adsurl = {http://adsabs.harvard.edu/abs/2015PhDT.......193H},
  adsnote = {Provided by the SAO/NASA Astrophysics Data System}
}

@ARTICLE{Haywood2014,
   author = {{Haywood}, R.~D. and {Collier Cameron}, A. and {Queloz}, D. and
	{Barros}, S.~C.~C. and {Deleuil}, M. and {Fares}, R. and {Gillon}, M. and
	{Lanza}, A.~F. and {Lovis}, C. and {Moutou}, C. and {Pepe}, F. and
	{Pollacco}, D. and {Santerne}, A. and {S{\'e}gransan}, D. and
	{Unruh}, Y.~C.},
    title = "{Planets and stellar activity: hide and seek in the CoRoT-7 system}",
  journal = {\mnras},
archivePrefix = "arXiv",
   eprint = {1407.1044},
 primaryClass = "astro-ph.EP",
 keywords = {techniques: radial velocities, stars: activity, stars: individual: CoRoT-7, planetary systems},
     year = 2014,
    month = sep,
   volume = 443,
    pages = {2517-2531},
      doi = {10.1093/mnras/stu1320},
   adsurl = {http://adsabs.harvard.edu/abs/2014MNRAS.443.2517H},
  adsnote = {Provided by the SAO/NASA Astrophysics Data System}
}

% CHAPTER 5: FLICKER ========================================================


@ARTICLE{Wolfgang2015,
   author = {{Wolfgang}, A. and {Rogers}, L.~A. and {Ford}, E.~B.},
    title = "{Probabilistic Mass-Radius Relationship for Sub-Neptune-Sized Planets}",
  journal = {ArXiv e-prints},
archivePrefix = "arXiv",
   eprint = {1504.07557},
 primaryClass = "astro-ph.EP",
 keywords = {Astrophysics - Earth and Planetary Astrophysics},
     year = 2015,
    month = apr,
   adsurl = {http://adsabs.harvard.edu/abs/2015arXiv150407557W},
  adsnote = {Provided by the SAO/NASA Astrophysics Data System}
}

@ARTICLE{Rogers2015,
   author = {{Rogers}, L.~A.},
    title = "{Most 1.6 Earth-radius Planets are Not Rocky}",
  journal = {\apj},
archivePrefix = "arXiv",
   eprint = {1407.4457},
 primaryClass = "astro-ph.EP",
 keywords = {methods: data analysis, methods: statistical, planetary systems, planets and satellites: composition, techniques: photometric, techniques: radial velocities},
     year = 2015,
    month = mar,
   volume = 801,
      eid = {41},
    pages = {41},
      doi = {10.1088/0004-637X/801/1/41},
   adsurl = {http://adsabs.harvard.edu/abs/2015ApJ...801...41R},
  adsnote = {Provided by the SAO/NASA Astrophysics Data System}
}

@ARTICLE{Kelly2007,
   author = {{Kelly}, B.~C.},
    title = "{Some Aspects of Measurement Error in Linear Regression of Astronomical Data}",
  journal = {\apj},
archivePrefix = "arXiv",
   eprint = {0705.2774},
 keywords = {Methods: Data Analysis, Methods: Numerical, Methods: Statistical},
     year = 2007,
    month = aug,
   volume = 665,
    pages = {1489-1506},
      doi = {10.1086/519947},
   adsurl = {http://adsabs.harvard.edu/abs/2007ApJ...665.1489K},
  adsnote = {Provided by the SAO/NASA Astrophysics Data System}
}

@BOOK{Fuller1987,
   author = {{Fuller}, W.~A.},
    title = "{Measurement error models}",
booktitle = {Wiley Series in Probability and Mathematical Statistics, New York: Wiley, 1987},
     year = 1987,
   adsurl = {http://adsabs.harvard.edu/abs/1987mem..book.....F},
  adsnote = {Provided by the SAO/NASA Astrophysics Data System}
}


@ARTICLE{Cranmer2014,
   author = {{Cranmer}, S.~R. and {Bastien}, F.~A. and {Stassun}, K.~G. and
	{Saar}, S.~H.},
    title = "{Stellar Granulation as the Source of High-frequency Flicker in Kepler Light Curves}",
  journal = {\apj},
archivePrefix = "arXiv",
   eprint = {1312.5928},
 primaryClass = "astro-ph.SR",
 keywords = {convection, stars: activity, stars: solar-type, starspots, techniques: photometric},
     year = 2014,
    month = feb,
   volume = 781,
      eid = {124},
    pages = {124},
      doi = {10.1088/0004-637X/781/2/124},
   adsurl = {http://adsabs.harvard.edu/abs/2014ApJ...781..124C},
  adsnote = {Provided by the SAO/NASA Astrophysics Data System}
}

@ARTICLE{Cegla2013,
   author = {{Cegla}, H.~M. and {Shelyag}, S. and {Watson}, C.~A. and {Mathioudakis}, M.
	},
    title = "{Stellar Surface Magneto-convection as a Source of Astrophysical Noise. I. Multi-component Parameterization of Absorption Line Profiles}",
  journal = {\apj},
archivePrefix = "arXiv",
   eprint = {1212.0236},
 primaryClass = "astro-ph.SR",
 keywords = {line: profiles, planets and satellites: detection, stars: activity, stars: low-mass, Sun: granulation, techniques: radial velocities},
     year = 2013,
    month = feb,
   volume = 763,
      eid = {95},
    pages = {95},
      doi = {10.1088/0004-637X/763/2/95},
   adsurl = {http://adsabs.harvard.edu/abs/2013ApJ...763...95C},
  adsnote = {Provided by the SAO/NASA Astrophysics Data System}
}

@ARTICLE{Samadi2013,
   author = {{Samadi}, R. and {Belkacem}, K. and {Ludwig}, H.-G.},
    title = "{Stellar granulation as seen in disk-integrated intensity. I. Simplified theoretical modeling}",
  journal = {\aap},
archivePrefix = "arXiv",
   eprint = {1309.1620},
 primaryClass = "astro-ph.SR",
 keywords = {convection, turbulence, Sun: granulation},
     year = 2013,
    month = nov,
   volume = 559,
      eid = {A39},
    pages = {A39},
      doi = {10.1051/0004-6361/201220816},
   adsurl = {http://adsabs.harvard.edu/abs/2013A%26A...559A..39S},
  adsnote = {Provided by the SAO/NASA Astrophysics Data System}
}

@ARTICLE{Samadi2013b,
   author = {{Samadi}, R. and {Belkacem}, K. and {Ludwig}, H.-G. and {Caffau}, E. and
	{Campante}, T.~L. and {Davies}, G.~R. and {Kallinger}, T. and
	{Lund}, M.~N. and {Mosser}, B. and {Baglin}, A. and {Mathur}, S. and
	{Garcia}, R.~A.},
    title = "{Stellar granulation as seen in disk-integrated intensity. II. Theoretical scaling relations compared with observations}",
  journal = {\aap},
archivePrefix = "arXiv",
   eprint = {1309.1488},
 primaryClass = "astro-ph.SR",
 keywords = {convection, turbulence, Sun: granulation, stars: oscillations, stars: atmospheres},
     year = 2013,
    month = nov,
   volume = 559,
      eid = {A40},
    pages = {A40},
      doi = {10.1051/0004-6361/201220817},
   adsurl = {http://adsabs.harvard.edu/abs/2013A%26A...559A..40S},
  adsnote = {Provided by the SAO/NASA Astrophysics Data System}
}

@ARTICLE{Chaplin2011,
   author = {{Chaplin}, W.~J. and {Kjeldsen}, H. and {Bedding}, T.~R. and
	{Christensen-Dalsgaard}, J. and {Gilliland}, R.~L. and {Kawaler}, S.~D. and
	{Appourchaux}, T. and {Elsworth}, Y. and {Garc{\'{\i}}a}, R.~A. and
	{Houdek}, G. and {Karoff}, C. and {Metcalfe}, T.~S. and {Molenda-{\.Z}akowicz}, J. and
	{Monteiro}, M.~J.~P.~F.~G. and {Thompson}, M.~J. and {Verner}, G.~A. and
	{Batalha}, N. and {Borucki}, W.~J. and {Brown}, T.~M. and {Bryson}, S.~T. and
	{Christiansen}, J.~L. and {Clarke}, B.~D. and {Jenkins}, J.~M. and
	{Klaus}, T.~C. and {Koch}, D. and {An}, D. and {Ballot}, J. and
	{Basu}, S. and {Benomar}, O. and {Bonanno}, A. and {Broomhall}, A.-M. and
	{Campante}, T.~L. and {Corsaro}, E. and {Creevey}, O.~L. and
	{Esch}, L. and {Gai}, N. and {Gaulme}, P. and {Hale}, S.~J. and
	{Handberg}, R. and {Hekker}, S. and {Huber}, D. and {Mathur}, S. and
	{Mosser}, B. and {New}, R. and {Pinsonneault}, M.~H. and {Pricopi}, D. and
	{Quirion}, P.-O. and {R{\'e}gulo}, C. and {Roxburgh}, I.~W. and
	{Salabert}, D. and {Stello}, D. and {Suran}, M.~D.},
    title = "{Predicting the Detectability of Oscillations in Solar-type Stars Observed by Kepler}",
  journal = {\apj},
archivePrefix = "arXiv",
   eprint = {1103.0702},
 primaryClass = "astro-ph.SR",
 keywords = {stars: interiors, stars: late-type, stars: oscillations},
     year = 2011,
    month = may,
   volume = 732,
      eid = {54},
    pages = {54},
      doi = {10.1088/0004-637X/732/1/54},
   adsurl = {http://adsabs.harvard.edu/abs/2011ApJ...732...54C},
  adsnote = {Provided by the SAO/NASA Astrophysics Data System}
}

@ARTICLE{Kallinger2010,
   author = {{Kallinger}, T. and {Matthews}, J.~M.},
    title = "{Evidence for Granulation in Early A-Type Stars}",
  journal = {\apjl},
archivePrefix = "arXiv",
   eprint = {1001.4879},
 primaryClass = "astro-ph.SR",
 keywords = {stars: individual: HD50844 HD 174936, stars: oscillations, stars: variables: delta Scuti},
     year = 2010,
    month = mar,
   volume = 711,
    pages = {L35-L39},
      doi = {10.1088/2041-8205/711/1/L35},
   adsurl = {http://adsabs.harvard.edu/abs/2010ApJ...711L..35K},
  adsnote = {Provided by the SAO/NASA Astrophysics Data System}
}

@ARTICLE{Mathur2011,
   author = {{Mathur}, S. and {Hekker}, S. and {Trampedach}, R. and {Ballot}, J. and
	{Kallinger}, T. and {Buzasi}, D. and {Garc{\'{\i}}a}, R.~A. and
	{Huber}, D. and {Jim{\'e}nez}, A. and {Mosser}, B. and {Bedding}, T.~R. and
	{Elsworth}, Y. and {R{\'e}gulo}, C. and {Stello}, D. and {Chaplin}, W.~J. and
	{De Ridder}, J. and {Hale}, S.~J. and {Kinemuchi}, K. and {Kjeldsen}, H. and
	{Mullally}, F. and {Thompson}, S.~E.},
    title = "{Granulation in Red Giants: Observations by the Kepler Mission and Three-dimensional Convection Simulations}",
  journal = {\apj},
archivePrefix = "arXiv",
   eprint = {1109.1194},
 primaryClass = "astro-ph.SR",
 keywords = {methods: data analysis, stars: late-type},
     year = 2011,
    month = nov,
   volume = 741,
      eid = {119},
    pages = {119},
      doi = {10.1088/0004-637X/741/2/119},
   adsurl = {http://adsabs.harvard.edu/abs/2011ApJ...741..119M},
  adsnote = {Provided by the SAO/NASA Astrophysics Data System}
}

@ARTICLE{Gelman1992,
    author = {{Gelman}, A. and {Rubin}, D.~B.},
    title = "{Inference from Iterative Simulation Using Multiple Sequences}",
    year = 1992,
    month = nov,
    journal = {Statistical Science},
    volume = {7},
    pages = {457--472},
    doi = {10.1214/ss/1177011136},
    adsurl = {http://dx.doi.org/10.1214/ss/1177011136},
}


% CHAPTER 7: LSST ===========================================================

@INPROCEEDINGS{Ridgway2012,
   author = {{Ridgway}, S.~T. and {Chandrasekharan}, S. and {Cook}, K.~H. and
	{Jones}, R.~L. and {Krughoff}, K.~S. and {Petry}, C. and {Ivezi{\'c}}, {\v Z}.
	},
    title = "{Measuring the effectiveness of simulated LSST observing programs}",
booktitle = {Observatory Operations: Strategies, Processes, and Systems IV},
     year = 2012,
   series = {\procspie},
   volume = 8448,
    month = sep,
      eid = {844810},
    pages = {844810},
      doi = {10.1117/12.926306},
   adsurl = {http://adsabs.harvard.edu/abs/2012SPIE.8448E..10R},
  adsnote = {Provided by the SAO/NASA Astrophysics Data System}
}

@ARTICLE{Ivezic2008,
   author = {{Ivezic}, Z. and {Tyson}, J.~A. and {Abel}, B. and {Acosta}, E. and
	{Allsman}, R. and {AlSayyad}, Y. and {Anderson}, S.~F. and {Andrew}, J. and
	{Angel}, R. and {Angeli}, G. and {Ansari}, R. and {Antilogus}, P. and
	{Arndt}, K.~T. and {Astier}, P. and {Aubourg}, E. and {Axelrod}, T. and
	{Bard}, D.~J. and {Barr}, J.~D. and {Barrau}, A. and {Bartlett}, J.~G. and
	{Bauman}, B.~J. and {Beaumont}, S. and {Becker}, A.~C. and {Becla}, J. and
	{Beldica}, C. and {Bellavia}, S. and {Blanc}, G. and {Blandford}, R.~D. and
	{Bloom}, J.~S. and {Bogart}, J. and {Borne}, K. and {Bosch}, J.~F. and
	{Boutigny}, D. and {Brandt}, W.~N. and {Brown}, M.~E. and {Bullock}, J.~S. and
	{Burchat}, P. and {Burke}, D.~L. and {Cagnoli}, G. and {Calabrese}, D. and
	{Chandrasekharan}, S. and {Chesley}, S. and {Cheu}, E.~C. and
	{Chiang}, J. and {Claver}, C.~F. and {Connolly}, A.~J. and {Cook}, K.~H. and
	{Cooray}, A. and {Covey}, K.~R. and {Cribbs}, C. and {Cui}, W. and
	{Cutri}, R. and {Daubard}, G. and {Daues}, G. and {Delgado}, F. and
	{Digel}, S. and {Doherty}, P. and {Dubois}, R. and {Dubois-Felsmann}, G.~P. and
	{Durech}, J. and {Eracleous}, M. and {Ferguson}, H. and {Frank}, J. and
	{Freemon}, M. and {Gangler}, E. and {Gawiser}, E. and {Geary}, J.~C. and
	{Gee}, P. and {Geha}, M. and {Gibson}, R.~R. and {Gilmore}, D.~K. and
	{Glanzman}, T. and {Goodenow}, I. and {Gressler}, W.~J. and
	{Gris}, P. and {Guyonnet}, A. and {Hascall}, P.~A. and {Haupt}, J. and
	{Hernandez}, F. and {Hogan}, C. and {Huang}, D. and {Huffer}, M.~E. and
	{Innes}, W.~R. and {Jacoby}, S.~H. and {Jain}, B. and {Jee}, J. and
	{Jernigan}, J.~G. and {Jevremovic}, D. and {Johns}, K. and {Jones}, R.~L. and
	{Juramy-Gilles}, C. and {Juric}, M. and {Kahn}, S.~M. and {Kalirai}, J.~S. and
	{Kallivayalil}, N. and {Kalmbach}, B. and {Kantor}, J.~P. and
	{Kasliwal}, M.~M. and {Kessler}, R. and {Kirkby}, D. and {Knox}, L. and
	{Kotov}, I. and {Krabbendam}, V.~L. and {Krughoff}, S. and {Kubanek}, P. and
	{Kuczewski}, J. and {Kulkarni}, S. and {Lambert}, R. and {Le Guillou}, L. and
	{Levine}, D. and {Liang}, M. and {Lim}, K. and {Lintott}, C. and
	{Lupton}, R.~H. and {Mahabal}, A. and {Marshall}, P. and {Marshall}, S. and
	{May}, M. and {McKercher}, R. and {Migliore}, M. and {Miller}, M. and
	{Mills}, D.~J. and {Monet}, D.~G. and {Moniez}, M. and {Neill}, D.~R. and
	{Nief}, J. and {Nomerotski}, A. and {Nordby}, M. and {O'Connor}, P. and
	{Oliver}, J. and {Olivier}, S.~S. and {Olsen}, K. and {Ortiz}, S. and
	{Owen}, R.~E. and {Pain}, R. and {Peterson}, J.~R. and {Petry}, C.~E. and
	{Pierfederici}, F. and {Pietrowicz}, S. and {Pike}, R. and {Pinto}, P.~A. and
	{Plante}, R. and {Plate}, S. and {Price}, P.~A. and {Prouza}, M. and
	{Radeka}, V. and {Rajagopal}, J. and {Rasmussen}, A. and {Regnault}, N. and
	{Ridgway}, S.~T. and {Ritz}, S. and {Rosing}, W. and {Roucelle}, C. and
	{Rumore}, M.~R. and {Russo}, S. and {Saha}, A. and {Sassolas}, B. and
	{Schalk}, T.~L. and {Schindler}, R.~H. and {Schneider}, D.~P. and
	{Schumacher}, G. and {Sebag}, J. and {Sembroski}, G.~H. and
	{Seppala}, L.~G. and {Shipsey}, I. and {Silvestri}, N. and {Smith}, J.~A. and
	{Smith}, R.~C. and {Strauss}, M.~A. and {Stubbs}, C.~W. and
	{Sweeney}, D. and {Szalay}, A. and {Takacs}, P. and {Thaler}, J.~J. and
	{Van Berg}, R. and {Vanden Berk}, D. and {Vetter}, K. and {Virieux}, F. and
	{Xin}, B. and {Walkowicz}, L. and {Walter}, C.~W. and {Wang}, D.~L. and
	{Warner}, M. and {Willman}, B. and {Wittman}, D. and {Wolff}, S.~C. and
	{Wood-Vasey}, W.~M. and {Yoachim}, P. and {Zhan}, H. and {for the LSST Collaboration}
	},
    title = "{LSST: from Science Drivers to Reference Design and Anticipated Data Products}",
  journal = {ArXiv e-prints},
archivePrefix = "arXiv",
   eprint = {0805.2366},
 keywords = {Astrophysics},
     year = 2008,
    month = may,
   adsurl = {http://adsabs.harvard.edu/abs/2008arXiv0805.2366I},
  adsnote = {Provided by the SAO/NASA Astrophysics Data System}
}

@ARTICLE{Girardi2012,
   author = {{Girardi}, L. and {Barbieri}, M. and {Groenewegen}, M.~A.~T. and
	{Marigo}, P. and {Bressan}, A. and {Rocha-Pinto}, H.~J. and
	{Santiago}, B.~X. and {Camargo}, J.~I.~B. and {da Costa}, L.~N.
	},
    title = "{TRILEGAL, a TRIdimensional modeL of thE GALaxy: Status and Future}",
  journal = {Astrophysics and Space Science Proceedings},
 keywords = {Physics},
     year = 2012,
   volume = 26,
    pages = {165},
      doi = {10.1007/978-3-642-18418-5_17},
   adsurl = {http://adsabs.harvard.edu/abs/2012ASSP...26..165G},
  adsnote = {Provided by the SAO/NASA Astrophysics Data System}
}

@ARTICLE{Jacklin2015,
   author = {{Jacklin}, S. and {Lund}, M.~B. and {Pepper}, J. and {Stassun}, K.~G.
	},
    title = "{Transiting Planets with LSST. II. Period Detection of Planets Orbiting 1 M$_{⊙}$ Hosts}",
  journal = {\aj},
archivePrefix = "arXiv",
   eprint = {1503.00059},
 primaryClass = "astro-ph.EP",
 keywords = {planets and satellites: detection, planets and satellites: general, surveys},
     year = 2015,
    month = jul,
   volume = 150,
      eid = {34},
    pages = {34},
      doi = {10.1088/0004-6256/150/1/34},
   adsurl = {http://adsabs.harvard.edu/abs/2015AJ....150...34J},
  adsnote = {Provided by the SAO/NASA Astrophysics Data System}
}

@ARTICLE{Kroupa2001,
   author = {{Kroupa}, P.},
    title = "{On the variation of the initial mass function}",
  journal = {\mnras},
   eprint = {astro-ph/0009005},
 keywords = {BINARIES: GENERAL, STARS: FORMATION, STARS: KINEMATICS, STARS: LUMINOSITY FUNCTION, MASS FUNCTION, GLOBULAR CLUSTERS: GENERAL, OPEN CLUSTERS AND ASSOCIATIONS: GENERAL},
     year = 2001,
    month = apr,
   volume = 322,
    pages = {231-246},
      doi = {10.1046/j.1365-8711.2001.04022.x},
   adsurl = {http://adsabs.harvard.edu/abs/2001MNRAS.322..231K},
  adsnote = {Provided by the SAO/NASA Astrophysics Data System}
}

@ARTICLE{Kharchenko2013,
   author = {{Kharchenko}, N.~V. and {Piskunov}, A.~E. and {Roeser}, S. and
	{Schilbach}, E. and {Scholz}, R.-D.},
    title = "{VizieR Online Data Catalog: Milky Way global survey of star clusters. II. (Kharchenko+, 2013)}",
  journal = {VizieR Online Data Catalog},
 keywords = {Clusters: open, Radial velocities, Proper motions, Milky Way},
     year = 2013,
    month = nov,
   volume = 355,
   adsurl = {http://adsabs.harvard.edu/abs/2013yCat..35580053K},
  adsnote = {Provided by the SAO/NASA Astrophysics Data System}
}

% emcee3 citations

@article{terBraak2006,
  title={A Markov Chain Monte Carlo version of the genetic algorithm Differential Evolution: easy Bayesian computing for real parameter spaces},
  author={Ter Braak, Cajo JF},
  journal={Statistics and Computing},
  volume={16},
  number={3},
  pages={239--249},
  year={2006},
  publisher={Springer}
}

@article{terBraak2008,
  title={Differential evolution Markov chain with snooker updater and fewer chains},
  author={ter Braak, Cajo JF and Vrugt, Jasper A},
  journal={Statistics and Computing},
  volume={18},
  number={4},
  pages={435--446},
  year={2008},
  publisher={Springer}
}

@ARTICLE{Nelson2014,
   author = {{Nelson}, B. and {Ford}, E.~B. and {Payne}, M.~J.},
    title = "{RUN DMC: An Efficient, Parallel Code for Analyzing Radial Velocity Observations Using N-body Integrations and Differential Evolution Markov Chain Monte Carlo}",
  journal = {\apjs},
archivePrefix = "arXiv",
   eprint = {1311.5229},
 primaryClass = "astro-ph.EP",
 keywords = {methods: statistical, planetary systems, techniques: radial velocities },
     year = 2014,
    month = jan,
   volume = 210,
      eid = {11},
    pages = {11},
      doi = {10.1088/0067-0049/210/1/11},
   adsurl = {http://adsabs.harvard.edu/abs/2014ApJS..210...11N},
  adsnote = {Provided by the SAO/NASA Astrophysics Data System}
}

@article{kombine,
   author = {{Farr}, B. and {Farr}, W.~M.},
    title = {kombine: a kernel-density-based, embarrassingly parallel ensemble sampler},
     year = 2017,
     note = "in prep"
}

% Added by DFM:
@ARTICLE{Dawson2014,
   author = {{Dawson}, R.~I. and {Johnson}, J.~A. and {Fabrycky}, D.~C. and
	{Foreman-Mackey}, D. and {Murray-Clay}, R.~A. and {Buchhave}, L.~A. and
	{Cargile}, P.~A. and {Clubb}, K.~I. and {Fulton}, B.~J. and
	{Hebb}, L. and {Howard}, A.~W. and {Huber}, D. and {Shporer}, A. and
	{Valenti}, J.~A.},
    title = "{Large Eccentricity, Low Mutual Inclination: The Three-dimensional Architecture of a Hierarchical System of Giant Planets}",
  journal = {\apj},
archivePrefix = "arXiv",
   eprint = {1405.5229},
 primaryClass = "astro-ph.EP",
 keywords = {planetary systems },
     year = 2014,
    month = aug,
   volume = 791,
      eid = {89},
    pages = {89},
      doi = {10.1088/0004-637X/791/2/89},
   adsurl = {http://adsabs.harvard.edu/abs/2014ApJ...791...89D},
  adsnote = {Provided by the SAO/NASA Astrophysics Data System}
}

@ARTICLE{Barclay2015,
   author = {{Barclay}, T. and {Endl}, M. and {Huber}, D. and {Foreman-Mackey}, D. and
	{Cochran}, W.~D. and {MacQueen}, P.~J. and {Rowe}, J.~F. and
	{Quintana}, E.~V.},
    title = "{Radial Velocity Observations and Light Curve Noise Modeling Confirm that Kepler-91b is a Giant Planet Orbiting a Giant Star}",
  journal = {\apj},
archivePrefix = "arXiv",
   eprint = {1408.3149},
 primaryClass = "astro-ph.EP",
 keywords = {methods: data analysis, methods: statistical, planetary systems, stars: individual: Kepler-91 KIC 8219268 KOI-2133, techniques: photometric, techniques: radial velocities},
     year = 2015,
    month = feb,
   volume = 800,
      eid = {46},
    pages = {46},
      doi = {10.1088/0004-637X/800/1/46},
   adsurl = {http://adsabs.harvard.edu/abs/2015ApJ...800...46B},
  adsnote = {Provided by the SAO/NASA Astrophysics Data System}
}

@ARTICLE{Keeling2004,
   author = {{Keeling}, C., D. and {Whorf}, T., P.},
    title = "{Atmospheric CO2 from Continuous Air Samples at Mauna Loa Observatory, Hawaii, U.S.A.}",
  journal = {Carbon Dioxide Information Analysis Center, Oak Ridge National Laboratory},
     year = 2004,
    month = Oct}
}

@ARTICLE{Brewer2009,
   author = {{Brewer}, B.~J. and {Stello}, D.},
    title = "{Gaussian process modelling of asteroseismic data}",
  journal = {\mnras},
archivePrefix = "arXiv",
   eprint = {0902.3907},
 primaryClass = "astro-ph.SR",
 keywords = {methods: statistical , stars: individual: {$\xi$}Hydrae , stars: oscillations},
     year = 2009,
    month = jun,
   volume = 395,
    pages = {2226-2233},
      doi = {10.1111/j.1365-2966.2009.14679.x},
   adsurl = {http://adsabs.harvard.edu/abs/2009MNRAS.395.2226B},
  adsnote = {Provided by the SAO/NASA Astrophysics Data System}
}
